2090 3568
912 143 1375 203 -58-

339 313 501 385 garis
548 306 733 378 hepati
780 302 1040 370 affixum,
1095 315 1284 376 postea
1331 310 1389 355 in
1425 303 1661 357 vesicula
1709 303 1934 358 Percae

344 427 595 463 cernuae
656 404 820 457 simili
867 406 988 457 loco
1040 415 1091 457 et
1143 407 1444 474 specimina
1485 405 1694 470 majora
1744 406 1929 457 itidem

277 559 281 568 ,
344 513 546 583 cystica
613 505 772 572 hujus
826 507 1081 555 intestino
1140 502 1319 555 affixa.
1423 502 1545 577 Ipse
1598 508 1819 556 nonnisi
1874 507 1928 556 in

341 611 568 664 Percae
605 622 860 658 cernuae
897 601 1231 667 abdomine,
1268 620 1430 672 saepe
1467 607 1590 655 satis
1630 606 1932 678 copiosum,

341 708 614 779 singulum
654 702 872 776 cystidi,
921 704 1208 771 pei-itoneo
1248 700 1472 766 affixae,
1518 702 1787 754 inclusum
1833 702 1934 755 Fef

339 810 590 871 bruariO,
637 803 843 879 Aprili,
889 800 1060 866 Julio‚
1114 797 1365 871 Augusto
1390 855 1394 860 ,
1416 811 1468 854 et
1504 801 1812 874 Septembri
1850 800 1932 855 of—

340 907 505 961 feudi.

482 1006 717 1058 Descr.
791 1000 1099 1056 Vermiculi
1136 1002 1423 1076 (majores)
1472 1012 1723 1077 quartam
1757 1002 1931 1056 lineae

339 1116 554 1182 partem
590 1104 757 1174 longi,
796 1112 1008 1154 sextam
1045 1101 1153 1167 lati,
1191 1102 1369 1156 albidi.
1757 1177 1762 1183 ¹

480 1204 682 1258 Forma
720 1205 982 1272 corporis
1021 1202 1265 1273 elliptica,
1302 1202 1561 1256 subovata
1599 1212 1691 1254 aut
1715 1201 1933 1273 subglo-

339 1308 487 1361 bosa.
561 1303 620 1358 Si
657 1320 874 1355 vermes
913 1319 1044 1355 vero
1085 1303 1313 1355 caudam
1354 1310 1646 1368 attenuant,
1683 1300 1932 1374 pyrifor-

337 1425 457 1460 mes
504 1402 633 1455 inde
682 1401 929 1455 evadunt.
1023 1402 1174 1455 Pori
1219 1405 1464 1454 maxime
1512 1420 1543 1453 a
1591 1418 1648 1452 se
1695 1404 1933 1453 invicem

337 1507 555 1568 remoti,
590 1512 649 1556 ut
684 1505 988 1566 venerans,
1026 1505 1203 1555 antico
1243 1502 1406 1573 duplo
1432 1502 1624 1568 major,
1658 1510 1934 1553 transver—

339 1625 455 1671 ευε,
504 1602 569 1655 ab
609 1606 811 1655 antico
864 1606 1093 1673 exiguo,
1139 1600 1346 1667 insere,
1394 1601 1683 1654 orbiculari
1730 1601 1931 1672 (inter-

340 1705 474 1757 dum
512 1701 922 1773 longitudinali)
970 1702 1108 1752 ultra
1157 1700 1443 1755 dimidium
1483 1705 1729 1772 corporis
1767 1703 1928 1754 totius

341 1804 513 1856 distet.
588 1801 865 1853 Parcium
903 1803 1269 1852 internarum
1305 1800 1483 1853 nullae
1524 1803 1865 1870 conspicuae.
1914 1795 1916 1797 ¹

484 1900 636 1954 Obs.
702 1904 748 1956 1.
834 1899 1140 1951 Distomata
1197 1898 1332 1950 haec
1381 1917 1411 1950 e
1458 1898 1663 1970 cystide
1709 1896 1932 1951 liberata

339 2011 520 2054 motus
558 2000 737 2055 adhuc
774 1998 1030 2063 edebant,
1079 1998 1173 2048 sed
1210 1996 1269 2049 hi
1305 2016 1442 2053 mox
1479 1995 1785 2063 cessaba11t3
1834 2017 1931 2069 cy-

341 2099 562 2153 stidibus
598 2097 803 2149 inclusa
842 2106 1023 2149 autem
1061 2097 1148 2149 die
1177 2106 1434 2168 sequente
1459 2096 1634 2147 adhuc
1660 2095 1929 2147 vivebant.

485 2196 640 2251 Obs.
689 2203 740 2255 2.
814 2195 979 2261 Quod
1018 2195 1080 2247 cl.
1118 2210 1192 2248 AB
1243 2183 1484 2247 OLFERS
1522 2197 1579 2245 in
1617 2194 1789 2246 Perea
1824 2194 1930 2246 flu-

339 2299 504 2351 viatili
543 2308 594 2349 et
642 2306 830 2368 postea
865 2298 925 2345 in
961 2294 1130 2346 Perea
1177 2313 1377 2345 cernua
1414 2297 1632 2364 reperit,
1673 2295 1927 2346 Distoma

341 2408 472 2462 erat,
510 2397 812 2450 secundum
840 2394 1262 2467 descriptionem
1290 2411 1459 2457 suam,
1486 2396 1927 2456 minutissimum,

343 2494 580 2562 ovatum,
616 2494 960 2557 tumidulum,
996 2497 1157 2562 poris
1203 2494 1653 2564 subaequalibus
1693 2494 1926 2544 orbicu-

342 2598 579 2677 laribus,
622 2605 673 2647 et
708 2594 849 2644 istud
885 2590 1047 2644 habet
1082 2610 1184 2661 pro
1222 2591 1545 2663 Embryone
1581 2592 1746 2652 illiue,
1784 2591 1928 2661 quod

339 2694 694 2769 postmodum
742 2695 800 2744 in
837 2692 1006 2743 Perea
1057 2708 1257 2743 cernua
1303 2709 1334 2741 a
1371 2709 1428 2741 se
1466 2690 1736 2740 offensum
1774 2699 1930 2741 vocat

343 2793 583 2848 adultum
623 2801 674 2844 et
711 2791 921 2843 definit:
960 2790 1029 2843 D.
1056 2793 1344 2851 minutum,
1382 2786 1783 2857 subglobosum‚
1819 2808 1927 2859 po-

344 2899 420 2947 ris
456 2871 877 2964 semigloboszg
912 2889 1136 2942 ventrali
1174 2887 1393 2953 majore.
1478 2887 1652 2938 Porro
1691 2885 1834 2952 dicit,
1873 2907 1926 2937 sc

344 2994 499 3060 hujus
570 2997 773 3043 cirrum
823 3008 935 3042 non
984 2989 1204 3052 vidisse,
1233 3000 1238 3002 *
1271 2986 1523 3038 Distoma
1580 3002 1709 3038 vero
1759 2985 1930 3038 ovuljfss

346 3095 614 3157 scatuiaee,
673 3100 724 3142 et
781 3098 1094 3160 aperturam
1143 3092 1267 3158 pori
1314 3088 1474 3137 antici
1523 3102 1639 3136 esse
1685 3086 1915 3157 plerum>
