2090 3568
670 196 1133 256 -63-

105 360 206 410 hac
252 361 363 421 via,
421 359 464 408 si
516 356 952 428 contemplamur
999 365 1325 409 structuram
1372 365 1494 428 pori
1543 360 1685 425 dicti,

106 475 323 530 semper
367 455 537 509 fundo
588 460 815 507 omnino
865 473 1030 508 coeco
1089 456 1396 525 gaudentiS,
1454 459 1687 526 probare

107 557 244 609 mihi
281 556 469 608 saltem
505 559 734 608 minime
771 556 996 608 videtur.
1080 554 1340 622 Ejusdem
1385 554 1579 606 indolis
1628 577 1690 609 ac

106 657 475 708 Distomatum
515 667 697 708 autem
735 653 1159 727 Caryophyllaei
1208 663 1260 705 et
1306 652 1538 706 aliorum
1586 653 1692 706 Ce-

109 755 441 807 stoideorum
469 758 595 806 cirri
631 774 670 806 5.
709 754 956 806 lemnisci
996 771 1111 805 esse
1148 751 1417 816 videntur,
1456 771 1693 824 quorum

108 864 362 908 naturam
407 854 765 906 masculinam
812 872 979 907 nemo
1030 852 1207 904 adhuc
1243 851 1517 923 probavit,
1567 872 1693 905 cum

111 964 298 1007 eontra
336 970 437 1006 ova
476 971 544 1004 ex
581 954 775 1004 iisdem
813 962 904 1004 aut
940 962 1132 1023 sponte
1170 961 1259 1005 aut
1283 952 1390 1004 levi
1413 955 1695 1023 pressione

110 1052 345 1105 adhibita
389 1055 706 1123 provenisse
753 1050 1216 1104 observationibus
1256 1061 1477 1104 constet.
1554 1049 1697 1103 Om-

107 1155 225 1217 nia,
271 1168 407 1222 quae
456 1150 522 1203 de
571 1153 711 1203 cirro
751 1150 1152 1203 Trematodum
1202 1161 1254 1202 et
1298 1152 1572 1203 lemniscis
1622 1154 1699 1201 sic

109 1251 261 1303 dictis
301 1249 718 1303 Cestoideorum
753 1249 909 1302 nobis
947 1259 1077 1302 nota
1114 1260 1261 1315 sunt,
1299 1250 1498 1301 horum
1541 1268 1700 1319 orga-

113 1370 312 1403 norum
349 1360 597 1403 naturam
633 1348 956 1402 femininam
994 1347 1135 1401 bene
1172 1359 1431 1420 arguunt,
1467 1352 1700 1401 minime

115 1461 296 1504 autem
332 1451 715 1516 masculinam,
752 1449 1097 1502 foecundatio
1145 1453 1307 1521 igitur
1354 1449 1555 1501 directa
1599 1466 1701 1520 per

118 1569 180 1604 ea
217 1555 418 1603 assumi
454 1553 654 1622 nequit.

263 1651 388 1716 Quo
444 1654 625 1701 minus
683 1646 1161 1704 foecundationem
1216 1648 1384 1702 modo
1444 1648 1699 1701 secundo

117 1749 507 1822 perficiendam
546 1767 834 1813 assumam,
872 1752 998 1800 cirri
1044 1752 1210 1819 ipsius
1257 1751 1564 1819 praesentia
1614 1764 1705 1798 me

125 1849 340 1911 detinet,
379 1851 467 1919 qui
494 1857 611 1898 tum
637 1848 835 1898 inutilis
864 1866 977 1899 esse
1003 1849 1230 1912 videtur,
1269 1866 1411 1911 cum,
1451 1850 1494 1897 si
1525 1864 1705 1897 mem-

121 1945 283 1998 br‘um
308 1948 459 1998 virile
500 1956 651 2011 esset,
688 1947 906 1998 vulvam
943 1965 1057 1998 non
1093 1949 1349 2011 inveniat,
1387 1964 1488 1997 ova
1527 1954 1707 1995 autem

118 2062 220 2117 pro
259 2064 356 2096 suo
396 2063 613 2115 egressu
653 2063 717 2097 eo
757 2063 942 2097 carere
979 2048 1206 2116 possint.

261 2143 448 2194 Restat
493 2148 680 2213 igitur,
725 2153 783 2194 ut
832 2163 1170 2196 assumamus
1216 2123 1446 2196 modum
1482 2141 1710 2194 foecun-

122 2242 285 2295 dandi
322 2244 503 2306 illum,
542 2246 633 2313 qui
672 2247 834 2294 eiiam
871 2247 929 2293 in
970 2243 1437 2315 Gasteropodibus
1477 2241 1710 2293 offendi-

125 2351 213 2393 tur
250 2341 610 2412 androgynis,
648 2360 784 2412 quae
823 2343 1044 2411 quidem
1085 2360 1316 2412 organo,
1354 2345 1484 2412 peni
1532 2341 1710 2403 simili,

128 2440 221 2491 sed
267 2436 621 2510 imperforato
671 2443 928 2490 insiructa
979 2450 1101 2491 sunt
1153 2449 1204 2491 et
1250 2439 1343 2491 ubi
1391 2444 1585 2491 semini
1626 2442 1712 2490 via

126 2544 184 2590 in
241 2538 348 2591 hoo
397 2542 653 2600 minime,
711 2548 898 2590 contra
945 2557 1074 2590 vero
1122 2542 1180 2590 in
1226 2548 1406 2609 partes
1454 2538 1712 2609 genitales

127 2638 389 2691 femineas
439 2648 621 2708 aperta
667 2641 953 2690 invenitur.
1038 2638 1173 2691 Illud
1220 2656 1488 2709 organum
1535 2642 1712 2709 igitur,

126 2739 249 2792 licet
299 2739 409 2805 ejus
461 2756 565 2809 ope
615 2756 743 2790 vere
801 2738 993 2790 co'e'ant
1039 2737 1306 2791 Mollusca
1362 2737 1530 2802 dicta,
1588 2755 1714 2787 cum

247 2981 280 3035 *)
312 2984 464 3024 GOEZE
497 2981 547 3035 (l.
581 2997 616 3021 c.
647 2998 689 3036 p.
719 2981 819 3026 381.
851 2983 900 3022 Τ.
934 2982 1005 3026 29.
1035 2982 1084 3024 F.
1115 2981 1180 3036 7.)
1212 2981 1318 3022 illud
1349 2981 1454 3023 vidit
1483 2984 1525 3021 in
1558 2981 1713 3020 Taenia

134 3060 388 3112 lanceolata,
423 3061 575 3100 Bmcn
618 3058 751 3113 (Abh.
792 3077 835 3102 v.
877 3060 919 3100 d.
960 3060 1222 3114 Erzeugung
1269 3058 1310 3105 d,
1342 3060 1534 3113 Eingew.
1573 3074 1615 3112 p.
1649 3057 1714 3101 16.

137 3136 186 3177 T.
218 3136 268 3176 V.
300 3136 392 3190 Fig.
422 3137 480 3194 3,)
511 3138 591 3178 hoc
622 3139 665 3177 in
697 3138 853 3179 Taenia
883 3151 1075 3195 expansa.
