2090 3568
84 395 242 449 saepe
281 376 724 443 obtusiusculam‚
773 376 1206 429 adeo·0btusam
1256 386 1308 427 et
1351 389 1670 454 truncatam,

81 487 288 531 rectam
325 485 414 526 aut
449 475 708 528 inflexam
747 477 1051 549 (nunquam
1086 475 1393 548 reflexam).

224 576 286 627 In
312 574 449 626 collo
475 580 746 628 vermium
770 579 1074 627 recentium
1114 574 1482 645 plurmiorum
1520 598 1669 634 vasa

79 675 249 728 multa
309 683 462 725 erant
517 674 728 740 videre,
789 693 1026 748 quorum
1077 684 1310 746 quatuor
1359 682 1557 727 cranei
1605 678 1670 729 ab

81 793 176 827 ore
216 773 283 825 ad
320 792 522 844 porum
571 775 868 826 ventralem
917 774 1205 824 decurrere
1255 773 1602 839 videbantur,
1642 795 1671 827 e

81 873 272 945 quibus
312 876 462 924 rami
497 877 802 937 numerosi,
851 870 1043 923 breves
1093 877 1244 925 coeci
1280 877 1380 924 visi
1420 874 1669 927 orieban-

80 982 183 1025 tur.
256 971 320 1023 In
358 988 587 1040 corpore
625 969 762 1021 haec
799 989 926 1022 vasa
964 970 1217 1041 distingui
1255 992 1370 1024 non
1398 983 1666 1044 poteram,

89 1073 333 1124 Canalis
370 1072 777 1122 alimentarias
804 1069 1174 1121 Distomatum
1204 1071 1387 1122 solitus
1425 1068 1515 1122 hic
1553 1091 1670 1123 non

81 1167 526 1240 conspiciebatur,
564 1171 667 1218 nisi
706 1169 854 1241 quod
892 1187 1004 1219 uno
1042 1172 1100 1220 in
1138 1174 1436 1240 specimine
1461 1174 1518 1221 in
1546 1190 1670 1222 cor-

77 1286 214 1340 pore
271 1271 522 1337 utrinque
578 1284 671 1318 vas
720 1267 1051 1319 descendere
1100 1254 1364 1331 viderim,
1423 1272 1480 1319 in
1530 1270 1667 1321 collo

76 1385 372 1438 nunquam.
446 1365 669 1418 Latera
705 1370 977 1420 vermium
1016 1366 1287 1433 majorum
1329 1377 1481 1419 erant
1518 1367 1670 1419 albo-

78 1484 248 1538 opaca
297 1476 347 1517 et
392 1464 528 1517 haec
577 1470 814 1537 opacitas
867 1465 932 1516 ab
982 1474 1215 1537 utroque
1260 1465 1428 1517 latere
1468 1470 1669 1519 conve-

78 1563 259 1617 niebat
296 1583 458 1637 supra
495 1568 711 1617 initium
761 1564 976 1616 caudae.
1060 1562 1213 1615 Alias
1261 1564 1506 1615 medium
1545 1583 1669 1617 cor-

76 1681 178 1735 pus
229 1674 341 1716 erat
376 1669 546 1735 magis
593 1663 940 1735 pellucidum.
1027 1663 1147 1716 Nec
1197 1682 1342 1730 ova,
1400 1683 1502 1715 nec
1554 1668 1667 1718 cir-

79 1762 249 1815 rhum.
281 1762 408 1818 vidi.

163 2011 221 2070 4.
285 2006 618 2067 Distoma
663 2004 1285 2088 globocaudatum
1327 2008 1492 2071 mihi.

218 2157 290 2210 D.
330 2157 663 2229 depressum,
691 2155 1005 2229 oblongum,
1043 2161 1216 2209 antice
1244 2162 1486 2223 crassiu3‚
1524 2176 1664 2228 poro

79 2259 256 2309 antico
294 2238 503 2323 majore
541 2258 814 2309 terminali
865 2257 1128 2328 oblongo⁷
1174 2257 1402 2310 ventrali
1450 2256 1666 2308 orbicu-

77 2356 192 2421 lari,
231 2357 432 2408 caudae
471 2356 828 2426 appendicula
865 2355 1202 2425 subglobosa,

220 2455 385 2506 Hab.
458 2453 522 2503 In
569 2457 747 2504 intest.
791 2454 979 2506 Corvi
1020 2455 1287 2506 Cornicis
1338 2453 1527 2522 collegi
1564 2451 1666 2504 ho-

79 2572 204 2605 rum
243 2556 514 2605 vermium
554 2552 743 2603 decem
781 2555 1078 2622 specimina
1118 2553 1166 2604 d.
1204 2558 1255 2611 9.
1293 2552 1394 2602 Jul.
1438 2555 1591 2607 1822.

219 2651 454 2704 Descr.
530 2650 776 2703 Entozoa
817 2655 1025 2703 circiter
1062 2654 1260 2704 lineam
1306 2651 1496 2720 longa,
1543 2668 1663 2702 me-

82 2751 170 2804 dio
210 2768 440 2823 corpore
477 2750 770 2821 pellucida,
821 2751 888 2802 ad
933 2751 1099 2802 latera
1147 2749 1521 2820 albo-opaca,
1570 2749 1665 2801 de-

80 2868 279 2921 pressa,
316 2853 491 2901 amice
530 2848 733 2916 obtusa,
769 2855 978 2921 postice
1016 2859 1299 2902 attenuata.

221 2949 414 3003 Porus
453 2953 683 3002 anticus
719 2949 1123 3020 longitudinalis
1159 2948 1363 3001 inferus
1399 2948 1537 3000 ultra
1564 2946 1663 2998 du-

80 3046 172 3116 plo
239 3049 410 3114 major
465 3051 727 3100 ventrali
786 3047 1076 3099 orbiculari
1128 3047 1214 3100 vel
1259 3046 1664 3101 suborbiculari,

85 3144 329 3216 Uterque
386 3146 540 3200 labiis
600 3146 819 3199 tumidis
879 3149 1118 3218 insignis.
1231 3148 1468 3198 Collum
1526 3143 1664 3194 ultra

1178 3244 1332 3314 [4]
