2090 3568
152 364 155 367 >
203 342 313 412 jam
367 316 437 395 eo
495 349 758 412 tempore
824 351 1053 389 summo
1119 332 1242 420 jure
1307 330 1593 414 Principis
1666 330 1762 390 di-

202 460 402 536 cendi,
457 478 788 535 sermones-
811 456 1005 538 primo
1051 454 1472 530 excitaverunt,
1526 458 1764 539 quique,

201 588 335 645 licet
386 581 768 666 postmodum
824 583 902 641 ob
947 578 1136 639 studia
1179 578 1506 638 medicinae
1550 583 1766 659 practi-

203 734 323 787 cae,
368 712 614 791 aliaque,
659 727 715 769 et
756 707 975 767 medici
1020 679 1324 786 dein'ipsa
1367 705 1600 785 negotia
1633 729 1769 786 pra—

203 838 350 895 ctica
402 822 742 894 imminutus
793 834 893 907 sit,
950 853 1254 911 nunquam
1306 848 1499 890 tamen
1541 832 1772 912 penitus

203 963 513 1020 exstinctus
569 975 666 1016 est.
761 956 916 1016 Ante
972 973 1086 1015 tres
1143 974 1335 1016 autem
1391 957 1623 1016 circiter
1668 981 1774 1015 an-

200 1108 310 1159 nos
355 1107 490 1143 casu
534 1082 793 1163 quodam
850 1083 1120 1165 incitatus
1171 1081 1434 1141 studium
1475 1082 1775 1142 Entozoo—

200 1234 333 1269 rum
397 1233 628 1267 summo
682 1208 892 1267 ardore
946 1208 1193 1289 arripui,
1259 1231 1532 1289 parvam,
1599 1232 1776 1290 quam

158 1321 164 1324 .
202 1334 346 1394 olim
404 1335 774 1414 collegeram,
821 1355 1028 1393 eorum
1073 1334 1307 1414 copiam
1361 1339 1510 1412 justo
1568 1333 1777 1395 ordine

200 1460 486 1521 collocavi
532 1477 586 1519 et
628 1461 689 1518 in
733 1476 819 1520 tot
861 1459 1240 1537 animalibuS,
1296 1477 1442 1541 quot
1484 1461 1776 1520 submini-

201 1604 378 1645 strare
434 1587 582 1644 mihi
627 1586 824 1666 potui,
868 1607 1092 1647 vermes
1148 1586 1287 1646 istos
1341 1587 1616 1666 quaesivi.
1705 1588 1779 1647 Et

200 1713 286 1770 uti
328 1709 439 1770 Vir
482 1712 899 1771 illustrissimus
944 1711 1127 1773 modo
1172 1710 1438 1771 laudatus
1483 1713 1779 1793 cognitio-

200 1839 296 1895 nis
337 1837 748 1894 Helminthum
802 1859 1000 1894 ansam
1056 1837 1249 1917 primo
1293 1836 1442 1896 mihi
1484 1839 1778 1918 praebue-

205 1977 318 2035 rat,
374 1963 450 2018 ita
493 1960 723 2039 scriptis
767 1961 885 2018 suis
932 1961 1177 2039 egregiis
1221 1955 1502 2038 majorem
1545 1963 1606 2019 in
1652 1961 1776 2020 dies

203 2087 441 2144 illorum
470 2083 1028 2166 investigandorum,
1063 2085 1601 2162 examinandorum,
1648 2088 1778 2147 col-

203 2209 578 2291 ligendorum
606 2211 1065 2293 propensionem
1097 2212 1379 2277 excitavit.
1428 2213 1551 2287 Illa,
1581 2211 1777 2272 haud-

204 2358 320 2419 que
372 2338 558 2397 multo
612 2337 806 2397 minus
861 2338 931 2395 cl.
991 2337 1340 2414 BREMsEm,
1393 2338 1775 2400 Helmintho—

200 2463 325 2544 logi
370 2463 763 2540 celeberrimi,
821 2485 970 2544 opus
1029 2463 1337 2539 eximium,
1390 2466 1497 2524 toti
1548 2465 1773 2526 mundo

202 2589 525 2669 cognitum,
572 2589 908 2663 effecerunt,
952 2606 1015 2647 ut
1058 2590 1328 2649 scientiae
1371 2597 1484 2668 jam
1514 2593 1774 2671 gratissi—

199 2737 329 2773 mae
386 2713 535 2772 mihi
584 2714 767 2774 factae
811 2714 986 2775 horas
1029 2715 1152 2774 fere
1195 2738 1397 2775 omnes
1441 2718 1772 2779 subsecivas

204 2862 509 2898 sacrarem.
607 2839 772 2911 Quae
827 2858 1027 2922 postea
1079 2842 1291 2924 scripta
1345 2843 1772 2905 helmintholo—

205 2965 332 3043 gica
361 2986 699 3047 comparare
741 2983 1006 3047 poteram
1049 2968 1269 3049 perlegi
1310 2988 1366 3030 et
1408 2970 1625 3053 passim
1669 2993 1770 3031 ex·-
