2090 3568
937 168 1400 227 -38—

384 349 666 406 nunquam
712 346 1036 403 expansam,
1083 327 1179 380 sed
1225 344 1442 398 semper
1478 328 1536 377 in
1573 332 1711 376 statu
1749 332 1965 377 contra-

388 444 473 487 cto
521 432 656 499 vidi,
702 441 762 483 ut
804 408 936 482 ‘inde
988 443 1259 499 expansae
1304 423 1547 477 formam
1593 442 1708 477 non
1754 422 1966 476 valeam

388 531 707 597 describere,
746 539 797 582 et
830 531 1006 590 tertio,
1044 529 1173 600 quia
1209 528 1281 577 ita
1319 542 1448 576 cum
1481 524 1699 596 reliquis
1729 520 1969 593 Amphi-

316 668 319 670 v
386 629 699 685 stomatibus
745 627 1083 682 illustrissimi
1132 626 1235 680 viri
1279 625 1487 695 optimo
1534 622 1704 676 modo
1743 640 1969 694 compa-

387 735 495 785 rari
531 741 774 803 possunt.

475 879 528 939 1.
601 871 1116 956 Amphistoma
1168 871 1620 954 variegatum
1662 869 1826 930 mihi.

528 1009 600 1064 A.
646 1029 787 1084 poro
846 1011 1030 1082 capitis
1090 1008 1304 1063 discreti
1361 1008 1595 1079 elongati
1653 1003 1966 1072 subbilob03

387 1113 598 1184 postico
657 1110 1054 1177 subterminali,
1123 1112 1321 1180 exiguo
1379 1105 1674 1179 inaequali,
1733 1123 1966 1179 corpore

386 1214 642 1282 utrinque
678 1217 966 1263 attenuato,
1003 1207 1081 1282 (F.
1118 1207 1323 1279 4-6.)

529 1308 693 1363 Hab.
764 1308 828 1362 In
873 1312 1048 1361 intest.
1085 1308 1230 1361 Lari
1266 1307 1482 1360 marini
1515 1307 1724 1360 invenit
1760 1302 1967 1358 SCHIL-

391 1424 547 1463 LlNG.

529 1507 761 1562 Descr.
853 1506 1091 1561 Vermes
1154 1515 1264 1559 tres
1318 1504 1486 1558 lineas
1542 1523 1670 1558 cum
1723 1502 1965 1571 dimidia,

387 1626 558 1680 usque
594 1607 663 1660 ad
698 1616 928 1679 quatuor
964 1625 1089 1659 cum
1128 1604 1351 1659 dimidia
1385 1605 1551 1676 longi,
1583 1605 1651 1657 ad
1686 1623 1966 1658 summum

387 1707 587 1759 lineam
626 1725 751 1759 cum
787 1710 939 1760 tertia
980 1705 1219 1774 ejusdem
1265 1712 1419 1777 parte
1464 1703 1581 1770 lati,
1627 1704 1843 1758 sordide
1890 1705 1967 1758 al-

389 1805 501 1858 bidi
539 1815 591 1859 et
625 1805 851 1862 violacei
886 1806 1156 1876 variegati.

537 1906 736 1978 Caput
781 1906 997 1957 tertiam
1029 1901 1146 1955 fere
1182 1905 1343 1955 totius
1381 1904 1580 1957 vermis
1616 1901 1964 1976 longitudinis

390 2012 604 2075 partem
652 2002 751 2056 sibi
807 2019 1027 2054 sumens
1085 2000 1351 2066 albidum,
1408 2000 1525 2054 fere
1585 2001 1965 2075 cylindricum,

391 2105 636 2173 corporis
696 2100 874 2152 media
927 2107 1081 2170 parte
1137 2101 1349 2151 tenuius
1408 2113 1745 2170 aperturam
1803 2099 1965 2154 habet

389 2200 757 2264 terminalem,
801 2207 1186 2263 transversam,
1233 2187 1588 2253 subbilobam.
1668 2199 1895 2271 Corpus
1933 2220 1963 2253 a

383 2301 556 2369 capite
624 2298 869 2368 strictura
933 2296 1252 2361 discretum,
1314 2299 1566 2368 utrinque
1632 2306 1963 2352 attenuatum

380 2399 586 2468 postice
624 2394 902 2461 obtusum,
949 2392 1111 2446 dorso
1147 2393 1505 2466 utplurimum
1542 2414 1819 2464 convexo,
1869 2398 1962 2450 ab-

386 2494 608 2546 domine
671 2495 971 2565 generatim
1034 2510 1332 2564 parumper
1394 2494 1775 2550 tantummodo
1829 2515 1963 2552 con-

389 2610 537 2647 cavo.
630 2594 823 2644 Porus
869 2593 1127 2662 posticas
1172 2589 1593 2659 subterminalis,
1651 2596 1962 2666 inaequalis,

386 2708 599 2762 parvus,
674 2690 835 2742 Scria'
858 2692 1133 2742 violacea
1158 2692 1407 2741 omnium
1433 2695 1793 2762 speciminum
1830 2693 1960 2747 dor-

388 2809 510 2841 sum
548 2789 865 2854 decurrenS,
903 2791 1228 2842 anteriorem
1266 2793 1510 2860 corporis
1545 2799 1758 2863 partem
1791 2795 1960 2846 instar

389 2887 572 2940 annuli
623 2891 841 2957 cingens
892 2897 941 2939 et
977 2896 1257 2959 praeterea
1294 2887 1361 2939 ad
1396 2887 1564 2940 medii
1601 2894 1844 2961 corporis
1881 2891 1958 2944 la-

388 2996 501 3039 tera
550 2995 602 3038 et
638 2995 759 3038 ante
796 3004 996 3056 porum
1033 2990 1300 3057 posticum
1338 2989 1587 3059 utrinque
1625 2987 1956 3042 descendens

386 3102 599 3139 vermes
636 3084 887 3156 singulari
935 3085 1101 3139 modo
1149 3095 1320 3141 ornat.
1412 3086 1564 3138 Haec
1602 3090 1727 3141 stria
1764 3107 1795 3141 a
1829 3107 1955 3160 par·
1979 3134 2004 3145 ..
