2090 3568
969 200 1433 259 ...32-

407 360 505 414 bos
544 359 772 417 divisam
806 364 1010 419 inveni.
1092 360 1288 414 Postea
1344 363 1524 431 ipsum
1563 370 1723 433 caput
1759 359 2000 436 Amphi-

411 471 705 539 stornatum
752 465 1076 517 examinans
1122 459 1234 512 vidi
1280 463 1339 512 in
1386 460 1497 527 ejus
1548 480 1684 515 cavo
1724 462 2027 526 membra-‚

410 581 541 616 nam
585 561 844 629 liberam,
887 561 1272 625 lutescentem‚
1319 577 1458 631 quae
1494 563 1552 612 in
1591 560 1877 633 superficie
1913 566 1999 614 in-

346 667 349 670 ’
406 672 562 715 terna
621 666 904 736 superiore
965 678 1122 713 arcus
1181 660 1316 712 duos
1373 659 1617 713 lateraies
1666 660 1848 712 medio
1898 660 1997 713 sibi

406 764 643 815 invicem
702 760 898 814 finibus
953 762 1397 832 approximatOS‚
1450 762 1510 811 in
1547 758 1853 831 ‘superficie
1914 764 2001 812 in·-

406 869 562 913 terna
598 859 861 914 inferiore
896 876 1028 913 vero
1069 863 1221 932 quasi
1265 858 1470 913 labium
1517 857 1791 925 medium,
1837 878 1999 931 supra

408 977 722 1014 convexum
783 958 1105 1017 formabat.·
1176 959 1304 1010 Hoc
1372 967 1636 1031 apparatu
1691 954 2039 1010 verruculas¹

406 1059 578 1129 dictas⁸
629 1063 875 1113 suctione
927 1057 1058 1112 forti
1114 1057 1354 1110 dividere
1408 1067 1705 1130 potuerunt
1768 1076 1999 1111 vermes,

405 1157 627 1211 Forficis
676 1175 783 1230 ope
825 1156 1182 1231 postmodum
1219 1166 1432 1229 partem
1471 1161 1816 1229 superiorem
1855 1160 2002 1228 capi-

403 1261 470 1309 tis
523 1257 776 1330 perscidi‚
830 1267 891 1310 ut
944 1257 1128 1309 velum
1180 1256 1325 1307 istud
1376 1259 1658 1308 internum
1716 1256 2004 1322 nudarem‚

406 1357 555 1430 quod
601 1366 718 1408 tum
772 1372 803 1407 e
850 1353 1023 1407 fundo
1076 1357 1262 1427 capitis
1311 1355 1663 1425 propendens
1705 1365 1755 1407 et
1788 1359 2000 1407 circum

408 1459 553 1508 circa
590 1454 889 1507 cohaerens
927 1458 1108 1507 visum
1147 1457 1425 1525 conspexi.
1510 1454 1789 1524 Margines
1835 1454 1999 1525 paulo

407 1557 737 1610 saturatioris
796 1541 991 1606 coloris
1052 1563 1218 1605 erant.
1312 1553 1525 1604 Totum
1584 1563 1744 1624 caput
1789 1552 2003 1625 (mem-

407 1655 578 1708 brana
614 1656 879 1706 nimirum
918 1653 1029 1720 ejus
1072 1662 1296 1704 externa
1331 1661 1388 1703 et
1423 1652 1662 1723 interna)
1699 1646 2000 1705 microsco-

407 1759 500 1827 pio
541 1752 858 1824 adspectum
881 1760 1158 1802 texturam
1179 1751 1364 1802 laxam
1391 1769 1430 1801 S.
1459 1755 1808 1821 spongiosam
1835 1771 2000 1804 mon-

409 1853 625 1918 strabat,
663 1853 908 1923 corporis
949 1858 1131 1900 autem
1169 1852 1301 1900 cutis
1343 1858 1566 1900 externa
1603 1848 1874 1902 fibrosam.
1929 1880 2001 1891 —-

408 1951 602 2009 Altero
657 1954 716 2002 in
771 1952 1072 2021 specimine
1126 1967 1226 2020 per
1280 1949 1504 2002 dorsum
1578 1934 1809 2020 opacum
1881 1969 2001 2003 ova

409 2050 563 2107 fusco
601 2048 785 2103 colore
820 2046 1234 2101 translucebant.

555 2248 712 2314 Quae
771 2249 1070 2319 specimina
1117 2246 1424 2300 Novembri
1480 2264 1673 2298 mense
1730 2249 1789 2296 in
1835 2244 1996 2298 bursa

411 2348 640 2402 Fabricii
687 2345 945 2418 Colymbi
1001 2344 1325 2416 rufogularis
1385 2343 1589 2397 offendi
1647 2353 1798 2395 erant
1845 2348 1996 2414 prius

411 2454 639 2521 repertis
687 2449 928 2509 minora,
977 2454 1028 2496 et
1076 2447 1248 2515 capite
1292 2453 1515 2514 totoque
1575 2452 1807 2514 corpore
1862 2443 1997 2514 (ex-

415 2555 572 2618 cepto
613 2545 792 2609 dorso,
831 2543 977 2614 quod
1011 2560 1044 2595 a
1079 2545 1304 2594 materia
1340 2543 1625 2612 granulosa
1664 2545 1769 2612 [an
1806 2539 2006 2611 ovis‘s‘]⁴

415 2642 800 2714 albo-opacum
835 2640 972 2712 erat)
1009 2639 1356 2712 pallidissime
1395 2658 1591 2693 carneo
1632 2651 1682 2692 et
1707 2644 1856 2711 quasi
1879 2640 1995 2710 pel-

414 2742 665 2799 lucidu10.
751 2741 858 2793 Per
905 2743 1227 2811 opacitatem
1263 2728 1411 2790 dorsi
1445 2742 1665 2791 interim
1699 2737 1996 2790 transluce-

415 2839 548 2892 bant
591 2856 715 2891 vasa
763 2838 871 2890 duo
917 2839 1274 2909 nigrescentia
1325 2840 1636 2908 serpentino
1694 2845 1868 2887 tractu
1924 2835 1993 2887 ad

420 2939 529 3007 ejus
563 2937 728 2990 latera
766 2936 1131 3000 decurrentia,
1175 2937 1343 3007 inque
1391 2937 1575 3005 capitis
1623 2933 1789 2984 altero
1825 2933 1994 2987 latere

416 3038 552 3090 haec
597 3053 723 3088 vasa
771 3034 869 3088 sub
917 3032 1095 3089 forma
1142 3031 1327 3087 circuli
1372 3031 1678 3104 irregularis
1726 3034 1888 3084 etiam
1934 3047 1993 3083 se

417 3133 757 3189 exhibebant,
