2090 3568
951 223 1416 280 -36-

384 396 435 439 61;
483 386 840 439 consideratio
887 389 1011 456 pori
1059 388 1254 456 postici
1301 381 1810 454 Amphistotnatum
1857 396 1978 430 ma-

387 483 723 556 crocephali,
775 486 988 536 erratici
1027 494 1078 536 et
1128 482 1492 556 Sphaerulae,
1539 483 1631 551 qui
1679 480 1908 532 omnino
1948 497 1980 529 a

380 604 521 657 poro
570 586 806 636 suctorio
856 582 1150 653 discrepat,
1204 583 1460 653 cujusque
1509 597 1615 651 ope
1661 581 1779 649 ipse
1833 595 1979 640 nun-

388 703 553 757 quam
588 683 689 735 lios
726 680 1054 736 vermiculos
1094 679 1289 733 affixos
1330 680 1469 745 vidi,
1501 677 1578 730 vad
1613 680 1980 729 necessariam

385 766 608 836 illorum
646 782 972 834 divisionem
1008 799 1100 833 me
1135 776 1462 844 induxisset,
1512 780 1618 828 nisi
1654 773 1980 847 Amphisto-

383 891 529 935 mate
565 883 822 951 urnigero
871 883 1160 932 transitum
1208 876 1620 951 quodammodo
1670 874 1814 927 effici
1862 894 1981 926 cre-

385 981 657 1046 didissem,
694 997 797 1030 nee
834 979 905 1030 ill.
954 978 1294 1032 RUDOLPHH
1341 977 1732 1031 observationis
1783 975 1983 1049 (Ento-

382 1080 522 1133 zool.
559 1078 623 1138 ΙΙ,
665 1083 713 1136 1,
751 1097 804 1149 p.
843 1078 1009 1152 345.)‚
1049 1097 1153 1150 qua
1199 1077 1413 1151 Amph,
1466 1075 1793 1147 Sphaerulas
1844 1075 1982 1127 duo-

382 1180 587 1246 decim,
636 1195 741 1249 ope
789 1182 914 1249 pori
960 1182 1219 1243 minoris,
1267 1177 1488 1230 villosae
1527 1174 1776 1227 Cornicis
1815 1173 1979 1225 affixa

385 1276 556 1330 semel
592 1277 803 1342 viderit,
840 1281 1113 1330 rationem
1151 1276 1476 1330 habuissem,
1551 1274 1848 1345 Postquam
1884 1292 1981 1324 au-

384 1387 497 1429 tem
522 1373 733 1449 Amph,
772 1380 1093 1447 urnigerum
1135 1380 1373 1428 exactius
1413 1373 1783 1444 contemplavi
1820 1381 1978 1443 atque

382 1479 593 1538 inveni,
652 1475 760 1527 hoc
823 1482 1047 1545 prorsus
1107 1474 1640 1547 Amphistomatibus
1701 1472 1978 1525 divisionis
2032 1488 2036 1489 ⁷

385 1574 654 1627 secundae
691 1572 1003 1625 addendum
1042 1592 1183 1638 6556,
1231 1578 1396 1645 inque
1432 1576 1683 1626 notitiam
1720 1575 1846 1624 veni
1881 1571 1979 1625 ob-

386 1677 775 1737 servationum,
815 1672 1244 1743 descriptionum
1282 1683 1335 1725 et
1371 1676 1596 1724 iconum
1635 1675 1975 1743 egregiarum

388 1772 450 1846 cl.
486 1769 907 1841 NITZSCHIIiss),
946 1769 1137 1840 quibus
1179 1774 1457 1835 evincitur,
1495 1789 1696 1841 porum
1735 1775 1975 1822 anticum

382 1865 894 1941 Amphistomatum
946 1869 1118 1939 capite
1159 1868 1391 1922 discreto
1429 1870 1814 1941 plurimorum,
1869 1873 1972 1921 nisi

390 1971 658 2032 omnium,
707 1966 1203 2037 (Holos'tomatum)
1237 1967 1595 2019 RUDOLPHIO
1647 1969 1850 2021 dictum
1899 1969 1974 2021 nil

387 2082 530 2129 esse,
577 2067 682 2114 nisi
729 2068 976 2135 corporis
1024 2068 1188 2115 antici
1234 2070 1427 2130 totius,
1476 2084 1507 2116 a
1552 2070 1764 2135 postico
1815 2073 1971 2119 tereti

383 2162 563 2215 forma
621 2162 807 2232 plana,
871 2161 1156 2234 superficie
1201 2163 1532 2216 abdominali
1581 2175 1836 2219 excavata
1883 2168 1969 2220 vel

384 2259 631 2312 facultate
695 2278 811 2312 5656
883 2262 1107 2315 cavandi
1171 2263 1414 2333 praedita
1482 2281 1706 2334 prorsus
1772 2266 1968 2319 diversi

386 2359 564 2431 (quale
602 2360 728 2430 quid
764 2364 822 2412 in
857 2349 1250 2436 Distoma'tibus
1288 2361 1508 2432 quidem
1545 2364 1844 2431 nonnulliS‚
1890 2364 1967 2418 uti

391 2467 662 2523 excavato,
701 2458 986 2529 spathaceo
1028 2467 1079 2511 et
1115 2459 1253 2512 alato
1266 2461 1395 2532 ἦυχ(ᾖ),
1448 2479 1730 2533 nunquam
1779 2475 1969 2519 contra

498 2755 535 2810 *)
566 2754 675 2797 Vide
713 2755 902 2811 Allgem.
943 2758 1116 2813 Encycl.
1157 2753 1233 2798 der
1272 2759 1629 2801 wissenschaften
1668 2761 1758 2801 und
1795 2762 1961 2805 Kiinste

385 2848 471 2876 von
500 2833 636 2873 Ersch
666 2847 709 2874 u.
741 2833 922 2875 Gruber.
954 2835 995 2878 3.
1025 2836 1163 2876 Theti.
1192 2835 1367 2889 Leipzig
1396 2836 1522 2881 1819.
1551 2855 1594 2892 p.
1624 2838 1893 2884 398.-401.

494 2935 548 2991 **)
578 2937 691 2978 Haec
730 2948 828 2978 sunt
858 2954 925 2991 ea,
965 2955 1071 2994 quae
1112 2941 1164 2980 cl.
1195 2940 1390 2981 N1Tzscn
1420 2942 1786 2985 Holostomatibus
1818 2946 1957 2988 aduu-

379 3025 539 3055 merata
567 3016 611 3055 in
641 3015 820 3056 istorum
847 3018 986 3071 prima
1014 3016 1299 3057 subdivisione
1339 3022 1502 3073 posuit,
1542 3019 1659 3074 quod
1695 3025 1850 3064 merito
1888 3020 1955 3065 fa-

380 3102 496 3134 ctum
525 3107 613 3133 esse
644 3092 770 3133 etiam
800 3093 852 3132 cl.
891 3092 1125 3134 BREMsnm
1164 3095 1308 3135 icones
1351 3098 1597 3137 excellentes
1627 3096 1952 3152 Amphistoma-

376 3177 471 3209 tum
505 3169 816 3225 mam-acephali
854 3179 894 3212 et
929 3171 1073 3226 pileati
1109 3170 1341 3217 Runoer
1382 3175 1535 3216 eximio
1564 3175 1696 3218 modo
1726 3179 1947 3222 illustrant.
