2090 3568
702 123 969 215 -6N7
1079 154 1159 164 ..-

290 277 443 332 Obs.
516 281 718 332 Notatu
766 280 1076 351 dignissima
1128 288 1183 334 in
1233 291 1409 354 speeie
1458 292 1556 340 ista
1603 297 1725 340 sunt

142 376 411 430 foramina
460 379 807 431 articulorum
858 381 1026 446 bina⁷
1086 400 1223 453 quae
1270 386 1565 437 secundum
1611 386 1725 445 fore

150 480 448 529 mationem
506 488 842 530 constantem
899 479 1085 532 adesse
1147 482 1424 547 videntur,
1483 482 1611 535 dum
1667 489 1722 535 in

146 576 397 626 omnibus
437 578 671 629 articulis
697 572 926 649 ⁷posticis
966 580 1151 632 saltem
1190 583 1550 652 speciminum
1591 580 1724 631 duo-

141 692 266 725 rum
317 684 369 726 et
413 675 702 747 fragmenti
745 681 803 727 in
841 675 1111 748 Colymbo
1149 678 1443 748 rufogulari
1479 688 1723 748 reperto-

139 791 264 824 rum
313 774 505 826 eadem
552 775 727 827 video.
773 822 777 825 .
823 774 886 826 In
945 779 1244 847 specimine
1300 776 1468 828 altero
1510 795 1579 828 ex
1627 782 1722 828 int.

136 870 317 942 Mergi
343 871 634 926 Serratoris
669 874 808 925 lecto
847 892 910 925 ea
947 874 1166 945 quidem
1202 893 1317 927 non
1351 878 1590 941 inveniO,
1628 875 1724 927 sed

134 969 292 1037 hujus
336 989 462 1042 pars
508 975 719 1042 postica
765 976 1132 1024 maceratione
1179 974 1567 1044 aliquantulum
1629 975 1723 1026 de-

134 1067 406 1134 formata,
443 1069 671 1121 alterum
708 1073 988 1141 specimen
1023 1080 1205 1123 autem
1242 1072 1311 1123 ad
1348 1091 1554 1125 novum
1593 1090 1723 1124 exa-

138 1159 267 1220 men
308 1187 422 1220 non
460 1168 525 1220 ad
561 1187 754 1220 manus
793 1178 885 1220 est.
959 1167 1247 1221 Foramina
1281 1175 1562 1243 superiora
1589 1188 1720 1222 vero

135 1268 451 1320 lemniscata
475 1284 566 1318 me
591 1270 649 1318 in
686 1265 770 1318 his
809 1268 1194 1338 speciminibus
1233 1269 1588 1341 (recentibus)
1623 1288 1721 1339 pa·—

134 1371 270 1422 riter
308 1368 518 1430 vidisse,
553 1368 611 1416 in
636 1366 829 1418 Diario
870 1367 1136 1421 adnotavi.
1190 1397 1264 1406 —-
1316 1367 1566 1419 Maxime
1604 1384 1721 1418 me·

137 1466 413 1518 morabilis
468 1464 606 1517 mihi
656 1465 866 1518 videtur
912 1465 1016 1517 hac
1063 1470 1121 1515 in
1170 1464 1542 1517 observatione
1585 1466 1720 1517 lem-

133 1546 271 1617 nisci
306 1567 611 1636 praesentia
648 1568 705 1616 in
740 1568 956 1636 priore,
993 1563 1230 1616 absentia
1266 1567 1323 1614 in
1362 1564 1600 1615 secundo
1638 1562 1722 1615 fo-

135 1667 360 1716 ramine.
446 1661 540 1714 An
587 1663 692 1714 hoc
739 1682 842 1734 pro
881 1664 1065 1728 vulva,
1112 1666 1155 1714 si
1202 1663 1494 1713 lemn-iscus
1541 1680 1720 1714 mem-

134 1761 302 1815 brum
339 1763 508 1827 virile,
545 1760 855 1815 habendum
894 1761 1077 1813 forsan
1117 1759 1231 1812 est?
1270 1791 1341 1802 —

217 1915 274 1970 2.
343 1880 1032 1986 Bothrioceplmlufs
1093 1906 1314 1964 Fons.
1362 1906 1502 1984 (rig.
1550 1905 1630 1979 9.)

275 2027 741 2099 Bothriocephali‚
790 2033 879 2099 qui
929 2037 1053 2079 ante
1102 2028 1163 2078 cl.
1218 2027 1521 2078 BREMSERI
1569 2026 1716 2078 dete-

139 2133 378 2181 ctionem
422 2145 584 2181 verae
630 2129 816 2198 capitis
866 2125 1078 2178 formae
1129 2127 1369 2177 Taeniae
1408 2125 1542 2177 latae
1579 2125 1717 2176 Lin-

135 2235 262 2280 naei
311 2228 530 2279 nonnisi
565 2229 739 2298 pisces
781 2235 832 2277 et
869 2226 1068 2295 aliquot
1104 2243 1226 2278 aves
1267 2224 1523 2297 aquatiles
1560 2221 1717 2275 inha-

133 2325 303 2377 bitare
355 2325 827 2388 existimabantur,
872 2343 1017 2374 nunc
1065 2328 1122 2374 in
1173 2321 1490 2374 animalibus
1538 2340 1716 2374 mam-

136 2423 364 2474 malibus
413 2426 576 2473 etiam
623 2424 795 2491 magis
842 2426 1117 2492 magisque
1174 2423 1540 2474 inveniuntur.
1636 2418 1715 2471 Cl.

136 2523 472 2574 NATTERER
528 2524 789 2571 nimirum
845 2524 901 2570 in
959 2521 1177 2571 Brasilia
1229 2517 1714 2589 Bothriocephalos

132 2624 339 2699 inveni-t
395 2623 454 2670 in
497 2617 536 2670 F
541 2620 618 2671 ele
679 2620 936 2671 malivora
998 2628 1049 2669 et
1102 2622 1158 2669 in
1215 2617 1358 2669 Urso
1414 2617 1618 2668 Lotore
1638 2616 1713 2688 i¹‘)‚

136 2719 197 2770 cl.
242 2718 494 2771 FISCHER
510 2717 606 2791 ⁴⁶³⁶)
654 2736 683 2769 e
740 2716 922 2770 Phoca
971 2716 1248 2770 Monacho
1308 2734 1560 2787 magnam
1620 2734 1714 2767 co-

247 2903 564 2958 *)Secund11m
605 2904 888 2946 clarissimum
925 2906 1140 2946 chnmz.
1217 2898 1317 2942 Vid.
1369 2900 1492 2954 hujus
1536 2901 1714 2943 Brevem

136 2976 432 3022 Entozoorum
461 2983 788 3036 expositionem,
820 2983 1024 3035 Viennae,
1054 2980 1190 3031 1822„
1219 2996 1261 3037 p.
1294 2976 1365 3021 54·

224 3056 286 3110 Ἡ)
317 3058 496 3101 Ibidem.
