2090 3568
960 170 1232 226 ...2⁷70-
1341 193 1424 204 ...-

398 329 524 397 plici
588 331 902 392 instructus,
978 328 1146 380 nullas
1210 328 1331 379 vidi.
1445 328 1551 379 Sed
1624 331 1986 400 microscopio

399 430 561 478 etiam
610 427 814 494 adjutus
864 432 920 477 in
970 426 1222 477 omnibus
1273 428 1504 478 articulis
1556 427 1849 494 majoribus
1895 447 1986 479 us-

397 546 504 602 que
542 527 610 579 ad
645 527 816 578 finem
856 526 1058 578 caudae
1106 529 1405 587 minorum
1435 526 1815 580 tantummodo
1863 545 1986 597 spe-

394 630 661 678 ciminum
714 645 801 677 eas
853 630 1114 694 conspexi
1153 624 1282 694 (ubi
1321 629 1482 676 etiam
1519 625 1673 677 lentis
1713 644 1817 697 ope
1855 630 1983 678 visi-

390 725 682 778 bilissimae
722 725 914 797 erant),
952 728 1270 798 neutiquam
1306 725 1696 790 mediocrium,
1743 725 1836 776 ubi
1884 725 1983 777 soli

391 825 598 876 articuli
658 825 824 877 medii
873 842 960 875 eas
1009 810 1365 888 monstrants
1401 842 1578 896 neque
1637 828 1979 895 posteriores.

391 924 529 975 Sunt
563 925 778 998 reliquo
818 910 1052 994 corpore
1088 923 1484 994 pellucidiores,
1524 923 1850 975 orbiculares
1893 932 1982 974 aut

388 1022 845 1087 suborbiculareS,
898 1026 1035 1074 serie
1082 1021 1433 1086 horizontali,
1484 1041 1599 1074 non
1637 1039 1983 1094 semper.re«=

390 1133 488 1189 cta,
527 1124 620 1174 sed
657 1141 818 1193 saepe
857 1121 1139 1192 inaequali,
1177 1140 1409 1174 numero
1448 1140 1667 1192 semper
1704 1132 1839 1188 treS,
1876 1142 1979 1194 po-

387 1227 532 1274 sitae.
600 1221 889 1289 Jnterdum
925 1220 1062 1274 haec
1101 1232 1190 1273 aut
1226 1221 1315 1272 illa
1352 1223 1563 1273 macula
1601 1221 1666 1273 ab
1705 1223 1872 1275 altero
1913 1222 1980 1273 ad

387 1323 615 1374 alterum
680 1323 928 1389 excurrit,
981 1321 1282 1388 articulum,
1344 1331 1401 1372 ut
1462 1321 1670 1374 duobus
1727 1339 1978 1376 commu-

387 1427 467 1475 ·ffl's
507 1404 612 1473 sit.-

529 1549 681 1604 Obs.
724 1558 769 1609 1.
845 1551 1037 1623 Figura
1076 1536 1442 1619 articulorum,
1484 1550 1697 1621 qualem
1738 1549 1977 1601 RUDOL-

382 1667 481 1703 PHI
521 1652 803 1722 descripsit
843 1662 893 1703 et
928 1655 1087 1704 icone
1125 1653 1180 1723 (a
1219 1651 1490 1703 BRAUNIO
1530 1649 1819 1721 delineata)
1855 1649 1976 1700 illu-

382 1756 582 1817 stravit,
621 1771 650 1801 a
688 1754 857 1801 nimia
898 1754 1070 1802 oritur
1111 1754 1308 1802 vermis
1349 1754 1707 1820 expansione,
1746 1767 1850 1818 qua
1888 1767 1975 1799 ar<²

384 1852 530 1903 ticuli
576 1859 792 1922 praeter
841 1861 1093 1902 naturam
1145 1869 1174 1900 a
1225 1867 1281 1900 se
1329 1852 1566 1903 invicem
1603 1857 1971 1901 removentur.

380 1952 518 2003 Tale
556 1949 683 2021 quid
720 1954 778 2001 in
816 1951 929 2000 aliis
969 1950 1190 2001 Taeniis
1230 1954 1389 2007 etiam
1425 1952 1633 2020 passim
1664 1947 1787 2001 vidi.
1857 1944 1974 1999 Ae-

379 2069 485 2121 que
522 2049 690 2113 male,
739 2067 801 2099 ac
841 2049 1218 2112 articulorum,
1264 2046 1443 2098 forma
1482 2051 1667 2118 capitis
1707 2066 1735 2097 a
1774 2046 1971 2098 BRAU-

378 2165 479 2201 Nlo
519 2148 783 2199 delineata
822 2157 915 2211 est,
953 2165 1186 2216 eumque
1222 2145 1378 2211 hujus
1417 2150 1577 2198 icone
1630 2148 1769 2197 bona
1817 2148 1970 2216 prio-

379 2254 450 2300 ris
487 2248 609 2299 idea
649 2245 790 2298 effici
827 2255 1074 2316 nequeat,
1111 2249 1331 2296 iconem
1383 2245 1449 2296 ad
1501 2255 1749 2296 naturam
1799 2263 1829 2295 a
1875 2262 1968 2295 me

376 2357 649 2419 paratam,
691 2356 875 2418 caput,
914 2355 1049 2397 statu
1090 2344 1364 2415 elongato,
1403 2348 1707 2409 sistentem,
1744 2342 1834 2394 hic-
1873 2343 1967 2395 ad—

376 2451 557 2519 jungo.
596 2445 729 2519 (Fig.
771 2444 879 2514 17.)

521 2573 669 2629 Obs.
717 2579 771 2632 2.
855 2569 949 2623 An
995 2570 1275 2623 rostellum
1324 2573 1509 2642 capitis
1557 2580 1732 2622 totum
1781 2587 1964 2621 exser-

376 2686 494 2727 tum
523 2675 793 2740 viderim,
844 2681 994 2723 certo
1033 2668 1306 2721 affirmare
1343 2686 1585 2741 nequeo,
1634 2687 1757 2719 cum
1796 2673 1961 2720 inter-

379 2777 508 2828 dum
555 2778 695 2826 inter
745 2771 925 2823 oscula
972 2788 1094 2841 pars
1144 2768 1252 2834 ejus
1302 2768 1630 2819 translucens
1677 2766 1813 2818 mihi
1849 2771 1960 2820 Visa

378 2879 458 2927 sit.
535 2872 858 2943 Saepissime
898 2880 1071 2923 totum
1108 2876 1403 2919 retractum
1443 2876 1532 2917 est.

521 3014 676 3068 Obs.
721 3020 769 3071 3.
847 3010 1156 3066 Secundum
1206 3009 1625 3080 descriptionem
1664 3026 1823 3079 supra
1863 3007 1956 3059 da-

379 3129 486 3172 tam
550 3114 775 3168 Taenia
838 3117 1204 3184 criputzccaca
1252 3113 1390 3161 inter
1440 3108 1489 3159 T
1495 3111 1672 3160 nenias
1721 3112 1955 3161 inermes
