2090 3568
655 250 1119 322 433-

95 426 284 477 decem
321 424 406 477 vel
441 423 692 476 undecim
732 426 1060 475 uncinorum
1110 426 1274 474 series
1324 430 1380 476 in
1428 445 1487 477 ea
1537 411 1668 480 con-

94 526 310 595 spicuae
358 532 507 589 sunt,
555 541 683 576 cum
728 525 788 574 in
823 522 911 574 illa
947 520 1184 573 feminae
1223 521 1512 574 duodecim
1549 531 1665 577 exi-

93 631 245 674 stant.
334 623 568 685 Collum
607 615 667 673 *et
714 640 922 694 corpus
968 625 1045 672 uti
1092 625 1149 671 in
1196 618 1660 697 Echinorhyncho

90 719 379 790 Anguillae
433 720 671 772 masculo
728 730 783 789 et
846 718 1086 771 femineo
1156 719 1429 789 descripsi.
1531 718 1665 771 Mas

87 829 311 890 uterque
346 821 542 889 gaudet
577 818 809 871 vesicula
856 819 1089 883 caudali3
1120 817 1362 891 femina
1398 818 1507 870 fine
1544 835 1665 869 cor-

86 922 237 989 poris
277 918 465 970 obtuso
505 922 620 968 sine
653 915 892 987 globulo·

224 1073 283 1144 3)
330 1072 393 1123 In
428 1074 680 1123 intestino
723 1072 966 1143 Cyprini
1016 1070 1232 1126 Tincae
1269 1075 1318 1126 d.
1357 1080 1406 1134 9.
1443 1074 1575 1140 Maji
1614 1084 1663 1124 et

89 1177 170 1230 13.
205 1170 331 1222 Julii
371 1174 524 1227 1823.
553 1173 737 1223 inveni
761 1170 1258 1244 Echinorhynchos
1297 1184 1387 1226 aut
1424 1173 1661 1244 singulos

84 1279 173 1321 aut
210 1272 405 1338 exiguo
443 1279 628 1321 tamen
665 1288 926 1336 numero,
964 1289 1199 1342 quorum
1238 1290 1421 1326 mares
1458 1292 1489 1323 a
1527 1290 1663 1345 qua-

81 1378 203 1419 tuor
256 1368 409 1419 lineis
458 1385 633 1440 usque
682 1369 751 1420 ad
798 1379 1027 1441 quatuor
1075 1389 1201 1421 cum
1248 1370 1413 1422 tribus
1462 1374 1660 1442 quartis

79 1465 317 1537 partibus
374 1466 614 1534 ejusdem
660 1468 837 1538 longi,
867 1468 1143 1540 feminae
1193 1479 1374 1521 autem
1420 1473 1659 1521 minores

79 1570 351 1618 maximos
405 1570 642 1618 marium
707 1567 1041 1638 longitudine
1106 1579 1363 1638 aequant,
1426 1569 1657 1632 majores

83 1666 256 1736 quoad
305 1665 506 1717 lineam
554 1665 656 1717 hos
702 1676 970 1736 superant.
1072 1667 1303 1718 Collum
1349 1665 1657 1736 proboscidi

80 1763 413 1834 longitudine
461 1774 550 1816 aut
600 1764 820 1833 aequale
867 1775 957 1813 aut
1004 1783 1167 1833 quam
1217 1781 1278 1813 ea
1326 1765 1485 1833 paulo
1533 1765 1657 1814 lon-
1722 1763 1729 1766 s

82 1865 212 1932 gius,
288 1862 514 1912 Caetera
553 1864 738 1912 omnia
774 1870 832 1911 ut
869 1864 925 1910 in
962 1860 1097 1911 Ech.
1148 1861 1449 1930 Anguillae.
1532 1862 1657 1914 Ma-

80 1964 225 2010 rium
264 1959 461 2010 caudae
499 1958 751 2010 adhaeret
788 1962 965 2010 vesica
1004 1959 1156 2009 solita
1206 1968 1258 2008 et
1294 1963 1450 2010 uilius
1499 1959 1655 2011 femi-

79 2064 274 2109 narum
309 2055 551 2126 globulus
587 2056 674 2106 ille
710 2056 881 2106 luteus
921 2074 1082 2126 supra
1119 2066 1467 2113 memoratus.

217 2197 318 2248 His
376 2195 834 2248 observationibus
890 2215 1035 2247 nunc
1092 2215 1216 2247 cum
1283 2196 1654 2268 descriptioni-

76 2296 173 2348 bus
210 2297 278 2347 ill.
328 2296 665 2347 RUDOLPHII
710 2299 768 2345 in
806 2296 1068 2347 Exianlissa
1107 2295 1369 2366 Synopsis
1418 2295 1493 2365 (p.
1531 2300 1654 2352 313.

80 2406 130 2447 et
166 2395 310 2465 314.)
363 2403 415 2444 et
461 2393 523 2443 cl.
560 2393 965 2444 WVEsTRUMssu
1004 2394 1058 2463 (l.
1099 2412 1141 2442 c.
1179 2413 1232 2462 p.
1276 2394 1380 2463 11.)
1429 2402 1479 2443 et
1529 2412 1652 2444 cum

76 2498 234 2544 icone
282 2493 351 2542 cl.
385 2492 685 2542 BREMSERI
732 2491 917 2561 (supra
953 2490 1208 2562 indicata)
1259 2491 1456 2546 collatis
1502 2489 1652 2541 facil-

75 2591 204 2642 lime
253 2589 600 2657 intelligetur,
655 2587 1184 2659 Echinorhynclmm
1244 2589 1525 2658 Anguillae
1583 2588 1649 2640 ab

79 2689 352 2753 omnibUS‚
414 2707 546 2758 quos
606 2687 730 2738 dicti
776 2686 903 2739 Viri
962 2687 1240 2737 clarissimi
1297 2691 1353 2737 in
1416 2686 1648 2755 piscibus

79 2766 478 2858 aliisqreperios
529 2805 654 2837 cum
702 2804 766 2837 eo
816 2785 1175 2851 conjunxere,
1234 2802 1348 2836 esse
1395 2804 1648 2855 separan-

81 2873 224 2937 dum.
297 2887 520 2938 Nomen
558 2895 737 2937 autem
772 2881 1225 2954 Echinorhynchi
1269 2883 1554 2954 globulosi‚
1601 2888 1647 2934 si

80 2983 534 3055 Helininthologis
571 2984 805 3056 placeat,
853 2983 927 3033 illi
962 2981 1099 3033 bene
1137 2983 1460 3035 servandum
1499 2991 1647 3046 esset,

84 3085 170 3132 cui
205 3086 351 3150 prius
387 3066 714 3154 imputatum
750 3086 841 3148 sit,
879 3081 1011 3133 dum
1048 3072 1322 3132 character
1360 3084 1554 3153 speciei
1589 3083 1647 3129 in

81 3183 173 3232 int.
238 3179 533 3236 Muraenae
603 3179 917 3253 Anguillae,
983 3179 1351 3252 Cyprium-um
1404 3180 1647 3241 Bramae‚

1165 3279 1317 3345 [3]
