2090 3568
915 200 1374 259 -68-

345 366 495 435 piam
532 362 817 427 desumsit,
863 380 967 415 am.
1007 359 1327 411 SCHILLING
1373 356 1661 429 Gryphiae
1700 361 1938 428 speciem

345 481 546 515 novam
583 459 756 536 (infra
794 459 1244 529 describendam)
1282 462 1340 507 in
1378 457 1563 509 Phoca
1600 455 1801 509 foetida
1840 458 1934 509 de-

348 566 506 628 texit,
553 566 668 634 ipse
707 563 930 614 demum
969 560 1077 611 duo
1117 558 1414 628 specimina
1440 560 1511 608 'in
1546 560 1640 609 int.
1679 566 1789 608 ten.
1826 557 1933 608 Fe-

348 665 417 716 lis
458 662 598 732 Caczf
636 661 943 713 domestici
980 660 1028 710 d.
1071 663 1151 715 12.
1191 658 1561 713 Marfii1823.
1589 655 1810 722 offendi,
1847 659 1933 706 nie

342 767 446 813 mis
484 765 689 812 minuta
728 759 946 829 quidem
984 767 1037 809 et
1072 759 1313 825 juvenia,
1353 774 1517 827 quam
1561 765 1622 807 ut
1667 759 1731 806 iis
1781 754 1930 807 debi-

341 871 422 912 tus
460 863 517 911 in
554 869 847 931 systemate
881 859 1030 909 locus
1069 851 1183 909 dari
1219 861 1403 929 possit.

484 958 621 1009 Sunt
657 962 924 1012 nimirum
961 958 1091 1009 alter
1129 956 1276 1021 duaS,
1315 957 1446 1009 alter
1484 967 1605 1015 tres·
1630 956 1797 1008 lineas
1825 959 1931 1006 cir*

341 1063 471 1111 citer
506 1059 658 1129 longi
697 1068 748 1110 et
771 1061 895 1109 satis
930 1067 1135 1121 tenueS,
1175 1056 1295 1108 albi.
1374 1057 1572 1128 Caput
1602 1041 1928 1126 elongatum,

339 1162 514 1210 antice
549 1161 644 1211 vix
682 1160 934 1222 crassius,
972 1176 1134 1228 quam
1171 1163 1403 1230 postice',
1454 1155 1733 1220 obtusum,
1767 1172 1928 1227 ⁴mar—

338 1257 549 1325 ginibus
586 1252 894 1308 lateralibus
930 1260 1211 1328 paululum
1263 1260 1553 1321 convexis,
1600 1265 1652 1307 et
1695 1259 1757 1307 in
1804 1273 1927 1326 spe-

337 1359 539 1407 cimine
577 1356 785 1420 majore
823 1362 1043 1427 corpori
1081 1362 1317 1410 crassitie
1343 1354 1682 1426 subaequale,
1718 1358 1777 1405 in
1802 1372 1927 1425 spem

336 1455 536 1506 nimine
573 1458 804 1519 minore,
843 1473 1007 1525 quam
1043 1455 1167 1522 hoc,
1202 1460 1430 1508 tenuius
1506 1454 1758 1505 Bochricz
1793 1453 1927 1505 late-

340 1553 486 1618 ralia,
523 1552 674 1604 labiis
713 1557 888 1606 antice
923 1553 1210 1622 hiantibus,
1248 1559 1549 1607 maximam
1582 1562 1798 1623 partem
1824 1540 1919 1603 sibi

333 1651 707 1718 adjacentibus,
788 1653 1022 1706 Collum
1071 1656 1140 1726 (si
1176 1655 1346 1726 adest)
1394 1663 1444 1705 et
1494 1673 1702 1724 corpus
1746 1655 1922 1703 conti-=

333 1769 440 1802 nua
487 1769 700 1820 rugosa.
783 1750 962 1819 Hujus
1010 1753 1198 1803 ultima
1242 1772 1368 1822 pars
1419 1751 1592 1803 subito
1631 1752 1802 1803 multo
1840 1761 1919 1801 te-

332 1853 511 1914 nuior,
550 1868 611 1900 ac
644 1850 870 1920 reliqua,
910 1860 961 1901 et
997 1856 1145 1921 quasi
1182 1861 1467 1903 macerata.

474 1949 661 2017 Aquae
712 1950 924 2020 tepidae
981 1953 1211 2000 immissi
1259 1949 1316 2001 hi
1365 1968 1578 2002 vermes
1629 1951 1917 2021 agilissime

333 2064 392 2099 se
437 2044 729 2097 movebant
779 2056 829 2097 et
874 2057 1090 2117 praeter
1138 2066 1228 2099 eos
1266 2052 1518 2100 intestina
1559 2050 1800 2114 ejusdem
1837 2049 1916 2100 fe-

333 2146 396 2197 lis
433 2148 616 2196 tenuia
651 2143 997 2196 includebant
1035 2147 1341 2217 complures
1366 2137 1664 2199 ''Ascarides
1701 2148 1912 2218 Mysia«

337 2260 450 2307 ceS,
507 2243 739 2294 Taenias
798 2244 1052 2315 ellipticas
1111 2253 1161 2294 et
1217 2263 1382 2297 unam
1439 2246 1491 2297 T
1496 2249 1707 2297 aeniam
1766 2265 1909 2298 cras-

335 2341 590 2398 sicollem,

377 2520 431 2576 3,
500 2512 1181 2596 Bothriocep‘halus
1227 2517 1517 2578 Phocae
1561 2519 1929 2594 foetidae„

475 2633 713 2685 Unicum
778 2639 1056 2705 specimen
1125 2643 1393 2706 anteriore
1452 2646 1695 2711 corporis
1755 2651 1916 2712 parte,

333 2731 527 2784 orbum
565 2733 629 2784 ab
665 2736 949 2786 inventore
986 2754 1146 2808 supra
1190 2737 1403 2789 laudato
1450 2743 1508 2788 in
1560 2743 1748 2809 spiritu
1796 2743 1902 2790 vini

332 2840 596 2883 servatum
643 2829 890 2902 Augusto
949 2852 1137 2886 mense
1198 2840 1328 2886 anni
1389 2824 1739 2908 praeterlapsi
1786 2856 1902 2889 me—

331 2949 454 2981 cum
493 2929 751 2982 benevole
788 2936 1248 2984 communicatum
1290 2944 1380 2986 est.

465 3028 689 3080 Descr.
776 3029 1119 3102 Longitudo
1170 3036 1329 3083 totius
1378 3032 1665 3103 fragmenti
1711 3035 1895 3087 decem

324 3127 566 3193 polliceS,
615 3126 901 3198 latitudo,
951 3149 1055 3202 qua
1106 3133 1279 3184 antica
1316 3148 1440 3203 pars
1476 3151 1771 3205 perparum
1809 3152 1897 3186 su-
