2090 3568
695 219 1153 275 -19—

138 379 289 452 quasi
336 375 558 448 praebet
607 375 866 428 acetabuli
918 376 1000 429 vel
1037 382 1160 448 pori
1199 388 1415 433 suctorii
1451 386 1600 440 labiis
1637 399 1721 441 tu-

139 476 295 529 midis
332 478 587 527 instructi.
674 473 829 526 Ultra
865 473 1005 526 hanc
1045 479 1396 530 eminentiam
1434 499 1716 554 progressa

135 575 214 629 ala
250 583 476 644 utraque-
512 573 790 644 paululum
829 583 1165 645 angustatur,
1208 585 1324 627 tum
1361 581 1557 631 iterum
1599 602 1715 638 cre„

132 677 252 739 scit,
306 675 553 746 priorem
609 689 740 725 vero
787 672 1122 725 latitudinem
1181 693 1295 726 non
1355 679 1616 748 attingens
1667 694 1718 735 et

132 773 330 826 caudae
376 770 546 822 finem
591 789 778 824 versus
825 771 1061 824 secunda
1108 775 1225 825 viee
1283 773 1559 828 decrescit.
1655 779 1716 831 In

127 872 230 924 hac
278 881 432 923 aucta
488 868 765 922 latitudine
826 869 1060 921 secunda
1124 880 1351 944 utraque
1413 874 1494 926 ala
1557 880 1716 929 costis

129 980 355 1043 quatuor
390 966 644 1031 fortibus,
694 965 981 1034 subrectiS,
1027 971 1285 1023 instructa
1325 981 1431 1036 est,
1484 992 1715 1044 quarum

129 1070 262 1121 duae
300 1068 595 1118 anteriores
632 1064 829 1117 finibus
868 1070 976 1118 suis
1015 1068 1374 1122 exterioribus
1401 1080 1713 1127 antrorsum

125 1168 380 1227 directae,
427 1166 586 1216 tertia
632 1163 891 1235 angulum
938 1163 1054 1218 fere
1102 1175 1316 1220 rectum
1364 1188 1489 1223 cum
1543 1173 1712 1226 cauda

121 1263 269 1328 facit,
319 1271 506 1333 quarta
544 1261 770 1315 demum
808 1263 1023 1335 oblique
1059 1274 1360 1320 retrorsum
1398 1269 1464 1320 ad
1507 1271 1710 1325 caudae

121 1362 293 1414 finem
333 1371 410 1413 est
448 1363 665 1414 directa.
742 1361 905 1415 Costa
941 1368 1120 1435 prima
1159 1384 1189 1416 a
1214 1367 1467 1432 secunda,
1505 1369 1709 1440 longis-

122 1467 258 1514 sima
296 1462 572 1527 omnium,
608 1471 918 1533 superatur,
956 1467 1128 1529 tertia,
1167 1467 1417 1517 omnium
1464 1469 1708 1533 minima,

117 1561 270 1616 valde
319 1559 526 1628 breviS,
576 1578 608 1612 a
654 1568 857 1632 quarta.
945 1560 1194 1614 Secunda
1248 1571 1299 1614 et
1337 1574 1522 1634 quarta
1563 1568 1709 1619 solae

119 1665 384 1731 attingunt
433 1663 742 1731 marginem
793 1661 906 1713 alae
958 1662 1308 1714 exteriorem.
1381 1662 1527 1716 Inter
1563 1663 1705 1717 hanc

118 1760 323 1811 alarum
361 1769 572 1831 partem
611 1767 871 1811 costatam
911 1763 1205 1812 eminentia
1244 1761 1375 1827 alia,
1413 1781 1576 1833 quam
1616 1764 1704 1816 illa

119 1878 278 1928 supra
347 1866 652 1909 memorata
713 1856 885 1908 multo
947 1859 1159 1922 minor,
1229 1876 1429 1928 penem
1494 1864 1700 1914 emittit.

118 1956 338 2008 Transit
376 1955 598 2006 demum
636 1954 716 2005 ala
754 1963 980 2024 utraque
1016 1957 1073 2004 in
1113 1957 1529 2026 appendiculam
1578 1958 1702 2012 bre-

115 2059 388 2109 vissimam
420 2075 460 2105 s.
489 2052 629 2103 alam
652 2055 956 2116 minimam,
994 2070 1130 2123 quae
1157 2052 1360 2106 duabus
1390 2059 1546 2108 costis
1572 2075 1698 2126 par-

112 2160 192 2208 vis
240 2160 590 2216 sustentatur,
637 2169 867 2221 quarum
914 2155 1156 2203 anterior
1202 2153 1379 2220 major
1420 2164 1511 2207 est.
1589 2156 1698 2207 Im-

112 2252 344 2305 mediate
382 2250 448 2304 ab
486 2249 571 2301 his
609 2249 981 2321 appendiculis
1022 2249 1294 2321 egreditur
1332 2253 1533 2306 caudae
1572 2273 1699 2306 acu·

110 2370 240 2404 men
286 2351 478 2415 breve,
529 2348 938 2401 subtilissimum
990 2358 1041 2401 et
1087 2349 1414 2403 subrectum.
1490 2352 1697 2422 Spicu-

113 2453 230 2501 lum
265 2450 528 2520 genitale
563 2447 837 2498 interdum
877 2450 1162 2512 emissum,
1201 2453 1324 2500 satis
1364 2469 1604 2502 crassum
1645 2461 1695 2504 et

109 2552 166 2600 in
216 2546 466 2600 omnibus
514 2543 924 2617 speciminibUS,
984 2565 1120 2616 quae
1180 2552 1512 2613 examinavi,
1559 2553 1693 2601 sim-

110 2646 254 2717 pleX,
295 2633 523 2718 excepto
562 2647 743 2710 unice,
780 2642 874 2695 ubi
912 2644 1112 2716 duplex
1152 2663 1266 2698 esse
1308 2646 1597 2700 videbatur.
1623 2678 1694 2689 -·

108 2744 476 2797 Feminarum
527 2747 770 2796 maxima
816 2763 942 2815 pars
1001 2748 1247 2814 corporis
1304 2746 1485 2798 media
1548 2767 1691 2800 ova-

109 2848 343 2911 νίονῑινη,
386 2847 514 2896 ovis
551 2848 752 2916 parviS,
791 2843 1033 2915 ellipticis
1070 2847 1386 2897 scatentium
1422 2851 1570 2917 gyris
1612 2857 1689 2899 est

109 2943 335 3012 repleta,
381 2947 631 2998 vulvam
676 2946 734 2995 in
789 2943 973 2994 medio
1014 2960 1245 3012 corpore
1285 2946 1440 2995 sitam
1478 2955 1567 2996 aut
1604 2964 1688 2998 se-
1748 3005 1753 3010 ,

110 3050 340 3109 quuntur
369 3053 459 3094 aut
494 3046 693 3114 partim
732 3041 1054 3095 antecedunt
1089 3044 1351 3113 papillae
1377 3044 1683 3109 nonnullae,

107 3157 210 3190 una
258 3143 395 3192 serie
442 3141 757 3215 dispositae,
804 3159 1036 3195 numero
1077 3159 1106 3195 a
1144 3141 1310 3194 tribus
1349 3142 1420 3194 ad
1457 3160 1553 3193 sex
1591 3141 1685 3193 ad—
