2090 3568
912 211 1186 271 -20
1293 239 1391 284 —-,

358 383 666 449 surgentes,
732 375 977 424 maxime
1045 371 1344 445 pellucidae
1404 371 1635 441 satisque
1692 384 1941 438 magnae,

356 494 494 550 quae
539 482 719 527 autem
765 471 911 524 haud
957 475 1015 523 in
1075 468 1461 543 speciminibus
1518 466 1784 539 parvulis,
1839 483 1943 518 nec

355 576 542 630 forsan
588 590 806 642 semper
853 575 911 621 in
959 569 1149 621 adultis
1199 568 1410 620 adsunt«
1486 566 1702 620 Gauda
1740 568 1945 617 sensim

322 687 324 689 ’
357 683 626 730 attenuata
661 673 740 721 uti
785 673 843 720 in
888 667 1130 720 maribus
1181 670 1432 719 acumine
1478 675 1627 718 recto
1679 676 1732 718 et
1779 663 1948 716 subti-

361 777 560 828 lissimo
614 774 876 821 instructa
933 776 1025 820 est.
1080 797 1153 808 ·—
1219 765 1415 818 Tabas
1466 766 1725 818 cibarias
1782 767 1862 816 uti
1917 782 1947 813 a

357 875 710 926 RUDOLPHIO
770 885 839 919 ex
887 864 1018 919 Asc.
1066 867 1349 921 vesiculari
1406 843 1729 936 (Entozool.
1776 862 1848 915 IL
1899 867 1946 919 1.

355 991 408 1043 p.
450 974 594 1043 131.)
632 972 837 1041 optime
875 966 1174 1039 descriptus
1212 976 1306 1019 est.

497 1068 809 1123 Ascaridis
845 1069 1188 1121 vesicularis
1233 1064 1470 1118 feminae
1506 1065 1771 1133 majoreS,
1819 1082 1951 1135 quas

359 1189 460 1243 ego
497 1169 624 1247 vidi,
663 1157 875 1219 circiter
909 1167 1162 1239 pollicem
1204 1158 1518 1233 dimidium,
1557 1182 1739 1217 mares
1776 1163 1951 1231 majo—

356 1289 445 1323 res
483 1272 720 1342 quinque
756 1268 922 1321 lineas
956 1275 1208 1338 aequant.

509 1370 704 1441 Caput
743 1377 792 1418 et
831 1386 1041 1439 corpus
1078 1370 1156 1418 uti
1192 1370 1251 1418 in
1286 1363 1417 1418 Asc.
1456 1367 1688 1436 dispare.
1765 1361 1955 1416 Mem—

364 1473 556 1524 brana
604 1469 864 1538 corporis
915 1470 1095 1519 statim
1139 1464 1282 1519 infra
1331 1465 1565 1520 valvulas
1616 1468 1726 1516 oris
1778 1465 1954 1514 tenuis

364 1571 578 1640 incipit,
627 1585 763 1618 mox
814 1575 995 1618 autem
1040 1565 1214 1618 subito
1254 1575 1478 1636 augetur
1516 1574 1568 1615 et
1604 1572 1791 1634 postea
1829 1579 1955 1613 sen—

367 1672 471 1721 sim
508 1667 770 1718 decrescit
805 1675 1109 1737 tantopere,
1146 1674 1230 1731 uf,
1266 1683 1340 1716 an
1376 1668 1435 1716 in
1470 1667 1713 1716 marium
1751 1663 1954 1713 caudae

367 1769 472 1820 alas
507 1775 744 1817 transeat
781 1765 867 1817 vel
892 1773 1015 1815 ante
1048 1765 1265 1828 easdem
1306 1772 1603 1828 evanescat,
1642 1762 1822 1814 dicere
1858 1778 1957 1812 ne-

367 1884 579 1939 queam.
618 1895 689 1902 —
723 1863 788 1914 In
824 1867 988 1914 maris
1026 1861 1199 1914 cauda
1238 1861 1462 1913 eaedem
1501 1863 1632 1913 ala-e
1670 1877 1958 1923 concavae,

365 1964 814 2037 pellucidissimae
853 1972 1001 2026 sunt,
1050 1971 1109 2012 ut
1144 1965 1202 2012 in
1238 1958 1367 2020 Aac.
1408 1961 1651 2032 dispare,
1701 1959 1958 2012 modulus

368 2068 530 2117 etiam
582 2060 822 2127 ejusdem
858 2058 1069 2111 formae
1109 2068 1160 2110 et
1196 2062 1352 2126 situs;
1403 2060 1496 2110 sed
1535 2058 1790 2110 differunt
1827 2059 1958 2122 alae,

369 2161 517 2235 quod
590 2169 715 2230 post
777 2161 1210 2227 angustationem
1289 2175 1444 2207 suam
1508 2156 1747 2208 mediam
1812 2156 1958 2208 haud

369 2266 569 2313 iterum
603 2257 881 2310 latitudine
918 2266 1174 2322 crescant,
1212 2255 1306 2307 sed
1352 2259 1531 2326 potius
1578 2255 1706 2307 inde
1754 2261 1957 2307 sensim

371 2361 440 2412 ad
476 2360 644 2411 finem
681 2361 951 2428 posticum
991 2365 1358 2420 attenuentur,
1409 2365 1459 2406 et
1506 2355 1654 2424 quod
1693 2355 1824 2405 alius
1865 2373 1959 2406 co—

373 2470 577 2512 starum
617 2456 752 2509 ordo
789 2452 880 2507 hic
916 2455 1099 2507 locum
1138 2453 1346 2506 habeat.
1433 2451 1526 2505 Ad
1561 2455 1695 2505 latus
1731 2452 1959 2506 forami—

373 2562 456 2609 nis
504 2559 659 2626 penis
705 2558 967 2606 nimirum
1016 2556 1074 2604 in
1124 2552 1202 2604 ala
1249 2562 1476 2624 utraque
1513 2563 1742 2624 quatuor
1779 2562 1957 2604 costae

376 2660 447 2707 ita
483 2658 690 2725 positae
727 2661 868 2717 sunt,
901 2661 960 2703 ut
995 2654 1176 2722 prima
1215 2656 1486 2703 anteriora
1522 2671 1707 2705 versus
1743 2652 1957 2722 oblique

379 2756 578 2806 directa
623 2757 689 2803 sit
738 2761 788 2802 et
837 2749 952 2803 alae
1000 2753 1306 2821 marginem
1353 2749 1498 2801 haud
1547 2753 1781 2819 attingat,
1827 2754 1956 2819 quin

372 2853 610 2906 *multum
648 2851 712 2902 ab
752 2869 816 2902 eo
854 2859 1066 2902 remota
1103 2857 1336 2913 maneat,
1375 2848 1628 2913 secunda,
1664 2847 1955 2900 fortissima

381 2942 658 3016 omnium,
706 2953 1012 3019 marginem
1060 2947 1176 3000 alae
1213 2947 1396 2998 adiens
1435 2957 1488 2998 et
1523 2948 1659 2998 duae
1696 2951 1957 3000 minimae

379 3049 519 3102 hanc
568 3059 848 3121 sequentes
899 3067 1024 3100 cum
1074 3044 1240 3097 cauda
1290 3045 1545 3117 angulum
1595 3044 1710 3098 fere
1746 3055 1956 3099 rectum

378 3149 590 3202 faciant.
671 3148 735 3202 In
781 3147 895 3200 alae
938 3146 1048 3198 fine
1094 3148 1300 3217 postica
1348 3144 1526 3201 adhuc
1583 3145 1721 3199 duae
1778 3155 1992 3199 costae
