2090 3568
918 172 1379 230 ...52-

363 345 493 408 bile,
540 356 703 412 quem
751 346 933 389 autem
980 334 1182 405 aliquot
1241 335 1299 384 in
1357 324 1744 401 speciminibus
1799 341 1947 396 pone

367 443 548 494 ovaria
585 440 1003 509 provenientem
1040 432 1241 484 caudae
1278 429 1449 481 finem
1486 445 1671 480 versus
1696 428 1950 495 utrinque

370 557 532 593 coece
556 539 841 590 terminari
867 533 1164 586 observavi.
1238 528 1441 581 Latera
1467 536 1517 578 et
1540 526 1788 578 medium
1821 541 1950 591 >eor-

363 643 513 713 poris
561 639 774 710 (neque
825 633 980 702 colli)
1029 629 1253 682 maculis
1291 630 1532 679 minimis
1567 625 1703 678 albis
1745 632 1949 676 ornata.

364 741 429 792 In
474 742 680 809 postica
729 735 973 806 corporis
1012 740 1167 801 parte
1215 729 1621 798 conspiciuntur
1660 724 1778 776 duo
1820 741 1953 775 cor-

364 857 514 911 pora
549 838 827 908 emptica,
869 849 1029 903 saepe
1056 828 1439 900 su'bpellucida,
1474 824 1752 878 interdum
1783 840 1955 895 opaca

368 948 418 991 et
478 936 621 1002 alba,
680 939 739 985 in
806 931 989 983 multis
1050 929 1374 993 indistincta,
1430 923 1617 978 forsan
1679 923 1952 986 testiculi.

367 1036 476 1110 (Cf.
514 1054 634 1107 pag.
672 1033 783 1104 47.)
863 1031 1134 1081 Cirrham
1173 1046 1455 1098 nunquam
1491 1025 1618 1079 vidi.

510 1134 664 1187 Obs.
718 1136 764 1189 1.
820 1129 1126 1182 Distomata
1151 1127 1287 1178 haee
1313 1143 1531 1197 semper
1557 1133 1776 1176 mortua
1804 1129 1957 1174 erant

368 1254 469 1289 nec
516 1251 691 1308 aquae
739 1229 953 1301 tepidae
1002 1231 1245 1280 immissa
1291 1229 1432 1278 vitae
1481 1228 1697 1295 signum
1745 1221 1958 1284 dabant,

367 1337 492 1388 licet
538 1333 668 1385 feles
719 1330 910 1382 saltem
960 1328 1161 1398 aliquot
1207 1326 1356 1378 horis
1403 1334 1528 1396 post
1572 1333 1813 1375 mortem
1852 1320 1961 1372 dis.-

369 1442 696 1486 secarentur.
771 1430 882 1495 Qui
907 1447 970 1480 ea
997 1427 1344 1479 con-tinebant
1379 1424 1570 1476 duetus
1608 1419 1805 1475 biliferi
1841 1420 1961 1492 (eo—

370 1533 496 1585 dem
530 1531 719 1595 mod0‚
757 1547 863 1600 quo
900 1532 942 1579 ii
970 1530 1037 1579 -in
1071 1526 1268 1596 hepate
1307 1527 1493 1577 ovium
1517 1523 1825 1574 Distomata
1861 1518 1961 1570 he-

369 1635 546 1703 patica
584 1628 794 1700 alente)
841 1636 1124 1698 tantopere
1163 1628 1372 1675 extensi
1410 1632 1461 1674 et
1496 1626 1728 1694 parietes
1767 1637 1961 1672 eorum

371 1732 521 1800 quasi
558 1727 918 1797 cartilaginosi
953 1725 1105 1789 fact-ig
1154 1733 1437 1794 tantopere
1475 1724 1754 1772 incrassati
1792 1728 1960 1782 erant,
1995 1705 1997 1708 Α

368 1837 428 1880 ut
466 1845 626 1898 saepe
659 1825 913 1892 ,Jecinoris
956 1820 1334 1894 parenchyma
1381 1827 1694 1891 superantes
1739 1822 1798 1869 in
1850 1818 1959 1884 ejus

371 1925 658 1998 superficie
704 1923 883 1975 albido
934 1923 1115 1973 colore
1160 1922 1400 1973 lucentes
1450 1923 1729 1991 conspicui
1768 1925 1958 1969 essent.

373 2024 584 2081 Cavum
628 2021 830 2073 horum
867 2025 1112 2073 varicum
1147 2019 1417 2090 repletum
1459 2027 1584 2069 erat
1606 2017 1775 2069 fluido
1814 2017 1960 2086 gela-

369 2125 565 2186 finoso,
603 2118 1014 2191 griseo-sordidi
1053 2118 1275 2183 c-oloriS,
1314 2117 1600 2169 distomata
1630 2116 1959 2170 involvente.

515 2218 671 2272 Obs.
714 2223 771 2275 2.
839 2218 1031 2269 Prima
1066 2216 1387 2268 Distomatis
1437 2220 1642 2287 species
1690 2214 1827 2267 haec
1867 2226 1959 2280 est,

374 2327 637 2390 quantum
675 2320 805 2381 scio,
845 2334 982 2386 quae
1017 2319 1077 2367 in
1113 2315 1311 2386 hepate
1351 2324 1403 2367 et
1438 2320 1616 2368 vesica
1652 2314 1805 2367 fellea
1843 2317 1960 2365 ani-

374 2417 528 2468 malis
561 2414 871 2468 -mammalis
910 2433 979 2465 ex
1027 2415 1218 2466 ordine
1264 2412 1507 2466 sera-rum
1555 2412 1959 2486 (Digitigrado-

375 2532 499 2564 rum
537 2523 588 2564 et
623 2512 1126 2584 Plantigradorum)
1172 2516 1240 2563 sit
1278 2513 1507 2578 detecta,
1558 2531 1589 2564 a
1629 2514 1957 2564 ‘Distoma'ffl

375 2610 474 2662 bus
511 2611 802 2681 Ιιεραιιέο,
841 2610 1080 2663 hominis
1107 2614 1339 2662 vesicam
1376 2611 1593 2662 felleam
1633 2621 1684 2662 et
1710 2610 1958 2681 complu-

375 2713 521 2760 rium
567 2709 882 2760 ani-malium
935 2707 1354 2761 herbivororum
1408 2708 1580 2779 hepar
1626 2685 1957 2761 inhabitante

379 2815 431 2858 et
474 2810 812 2872 cenuicolli,
859 2811 918 2859 in
954 2795 1171 2859 Phocae
1218 2803 1475 2858 barbatae
1504 2807 1685 2873 jecore
1721 2815 1956 2877 repertQ

376 2910 617 2958 maxime
642 2906 867 2959 diversa.
939 2906 1190 2971 Distoma
1215 2908 1478 2956 nimirum
1502 2905 1774 2976 pusillum,
1811 2905 1956 2976 quod

378 3005 439 3056 cl.
489 3005 695 3056 BRAUN
740 3008 797 3055 in
844 3003 1100 3076 hyda-tide
1159 3002 1341 3075 hepati
1386 3003 1639 3056 Erinacei
1688 3003 1954 3055 insidente

378 3105 654 3174 quondam
682 3102 898 3174 reperit,
935 3102 1041 3155 hue
1078 3102 1218 3155 trahi
1256 3106 1459 3176 nequit,
1499 3121 1624 3156 cum
1663 3102 1730 3156 de
1765 3102 1953 3155 Disto—
