2090 3568
925 197 1389 257 -23—

574 359 775 415 collum
802 360 1028 428 nullum,
1067 379 1265 434 corpus
1302 361 1556 432 utrinque
1593 368 1943 429 attenuatum,

571 466 925 517 transversim
962 461 1129 513 dense
1167 464 1430 513 striatum.

502 560 654 614 Obs.
707 566 754 620 1.
829 560 974 612 Cum
997 564 1243 631 primum
1279 563 1629 633 microscopii
1667 578 1772 632 ope
1812 579 1947 613 con-

354 661 657 735 templabar
704 658 1240 731 Echinorhynchum
1280 659 1645 731 descriptum,
1691 678 1796 713 nec
1843 678 1944 731 ego

354 763 553 835 plureS,
591 779 756 833 quam
793 763 1013 811 unicam
1050 758 1431 831 (anteriorem)
1469 763 1665 811 seriem
1712 763 1945 811 uncino-

352 881 479 914 rum
515 859 881 933 pi‘oboscidi3‚
926 859 1282 931 postmodum
1319 869 1502 911 autem
1549 859 1847 938 secundam
1895 868 1947 911 et

353 961 631 1014 interdum
666 963 885 1012 tertiam
920 979 1039 1012 non
1075 963 1257 1012 minus
1297 962 1577 1029 conspexi.
1649 957 1805 1010 Dum
1840 977 1946 1009 un-

355 1063 463 1113 cini
499 1063 662 1132 pauci
681 1069 893 1111 tantum
932 1064 1116 1132 quavis
1152 1064 1211 1112 in
1250 1064 1388 1112 serie
1428 1067 1655 1123 exstant,
1692 1058 1832 1110 ultra
1866 1058 1947 1110 la·-

354 1169 468 1212 tera
515 1158 856 1230 proboscidis
907 1179 938 1211 a
982 1169 1136 1232 parte
1173 1164 1456 1232 superiore
1493 1167 1761 1230 spectatae
1797 1156 1946 1209 haud

352 1278 571 1332 semper
608 1262 701 1331 qui
737 1263 1119 1332 promineant,
1157 1261 1366 1327 adsunt,
1405 1262 1498 1331 qui
1535 1268 1725 1310 contra
1759 1260 1820 1309 in
1855 1276 1946 1309 su-

349 1360 574 1432 perficie
628 1358 968 1431 proboscidis
1017 1360 1085 1413 ad
1145 1360 1366 1413 oculum
1426 1357 1786 1410 observatoris
1846 1356 1944 1409 ob-

351 1479 508 1513 versa
553 1463 641 1511 siti
689 1470 837 1527 sunt,
882 1459 1141 1513 facillime
1189 1461 1542 1530 microscopii
1588 1455 1809 1527 speculo
1857 1459 1944 1508 in-

348 1559 467 1613 fero
516 1560 879 1613 vermiculum
934 1560 1304 1625 collustrante,
1351 1560 1491 1611 visui
1540 1555 1942 1608 subtrahuntur.

349 1662 477 1713 Hoc
513 1659 683 1712 modo
721 1658 862 1710 mihi
901 1659 1143 1729 expliCO,
1192 1677 1289 1710 cur
1324 1657 1588 1710 MiiLLER
1627 1665 1677 1708 et
1712 1655 1784 1707 ill.
1824 1654 1945 1707 Ru-

349 1775 573 1814 DOLPHI
629 1777 802 1809 unam
848 1758 1021 1809 solam
1069 1761 1400 1809 uncinorum
1448 1759 1646 1807 seriem
1692 1755 1943 1820 viderint,

349 1880 477 1913 cum
512 1869 700 1911 tamen
736 1856 874 1908 duae
912 1856 998 1909 vel
1034 1867 1143 1909 tres
1179 1873 1241 1908 re
1278 1872 1408 1909 vera
1446 1858 1692 1906 existant.

493 1957 647 2011 Obs.
692 1963 746 2014 2.
820 1955 1085 2008 Globulos
1134 1959 1193 2007 in
1239 1954 1352 2006 basi
1399 1958 1761 2020 uncinorum‚
1808 1972 1942 2025 quos

348 2060 683 2113 MiiLLERUs
733 2055 954 2126 depingi
1003 2054 1179 2120 jussit,
1226 2071 1507 2123 nunquam
1557 2053 1683 2106 vidi.
1760 2054 1943 2107 Etiam

351 2159 553 2212 collum
590 2173 720 2207 sane
757 2173 872 2206 non
910 2153 1075 2218 adest,
1114 2171 1240 2203 cum
1278 2151 1559 2224 proboscis
1599 2151 1799 2223 absque
1836 2152 1944 2204 ulla

349 2259 746 2329 interruptione
782 2257 841 2305 in
879 2272 1077 2324 corpus
1115 2251 1294 2316 abeat,
1342 2251 1485 2303 unde
1532 2257 1766 2303 auctoris
1816 2252 1943 2304 dicti

350 2359 520 2431 figura
561 2355 797 2407 secunda
836 2364 887 2405 et
925 2356 1124 2424 quinta„
1162 2351 1254 2402 ubi
1299 2350 1581 2421 proboscis
1628 2354 1874 2403 strictura
1912 2369 1943 2401 a

352 2473 587 2528 corpore
635 2454 863 2506 discreta
921 2454 1278 2522 conspicitur,
1338 2469 1463 2501 cum
1521 2452 1748 2503 naturali
1805 2459 1943 2502 statu

352 2575 468 2609 non
516 2557 784 2606 convenit.
870 2551 927 2603 Si
974 2550 1299 2603 vermiculus
1348 2549 1732 2622 proboscidem
1771 2560 1942 2602 retra-

351 2656 485 2708 here
523 2653 659 2718 vult,
709 2656 883 2704 antica
933 2652 1178 2721 corporis
1213 2668 1339 2720 pars
1378 2653 1436 2701 in
1472 2650 1786 2721 proximam
1825 2666 1941 2699 sus-

354 2757 550 2826 cipitur
597 2751 778 2824 (quod
834 2750 1116 2802 MliLLERI
1178 2750 1351 2820 figura
1399 2753 1625 2820 septima
1675 2746 1943 2818 quodam-

354 2852 523 2906 modo
562 2851 891 2920 monstrat),
929 2860 980 2900 et
1018 2849 1126 2901 hoc
1164 2847 1307 2901 facto
1356 2847 1637 2920 proboscis
1688 2855 1775 2896 aut
1824 2849 1941 2897 sine

355 2963 445 3007 aut
483 2970 610 3003 cum
647 2951 954 3000 inversione
992 2950 1304 3020 (utrumque
1345 2951 1492 3000 enim
1532 2945 1661 3018 vidi)
1687 2947 1941 3015 sequitur.

501 3036 598 3103 Ob
617 3070 654 3100 s.
709 3054 758 3106 3.
837 3047 1008 3100 Poros
1058 3048 1300 3099 laterales
1359 3047 1530 3098 discos
1581 3048 1756 3114 potius
1809 3061 1939 3107 esse,

359 3150 549 3222 quibus
604 3166 804 3221 magna
859 3150 982 3199 insit
1047 3145 1381 3200 foraminum
1448 3147 1628 3215 copia7
1696 3146 1939 3216 quamvis
