2090 3568
883 140 965 188 -.“-
1094 149 1136 208 8
1263 177 1345 187 ,-

331 330 611 385 nunquam
639 319 854 364 crenata
879 319 930 362 et
955 309 1127 363 multo
1152 309 1333 362 minus
1367 313 1673 381 squamata²
1688 304 1904 375 qualem
1974 321 1978 323 ’

334 415 539 467 GOEZE
577 410 878 483 descripsit)
921 413 1197 476 marium,
1244 410 1323 459 uti
1365 410 1425 458 in
1470 402 1906 474 Trichocephalo

334 513 570 583 dispare,
615 513 676 562 in
719 510 944 582 planum
990 507 1186 580 spirale
1244 505 1511 571 involuta,
1570 507 1615 556 si
1660 503 1908 574 genitalia

334 621 574 678 externa,
610 608 756 680 quod
790 627 916 660 raro
953 605 1345 670 inveniebatur,
1382 602 1690 656 abscondita
1740 611 1910 666 erant,

332 710 441 762 fine
479 709 672 762 obtuso
709 704 1116 759 terminabatur.
1199 704 1506 757 Getzz'calia
1553 711 1762 755 exserta
1801 704 1910 772 „tri-

331 809 459 881 plici
494 809 703 860 ratione
739 807 876 859 visui
911 823 970 857 se
1006 802 1349 856 exhibebant.

477 909 525 963 1.
595 904 813 958 Eodem
848 903 1033 971 mod0,
1070 921 1234 976 quem
1272 922 1301 955 e
1327 899 1763 973 Trichocephalo
1802 900 1910 952 dis-⁴

336 1021 470 1076 pare
519 1002 584 1055 cl.
635 1003 986 1075 BREMSER*)
1038 995 1300 1055 delineari
1347 1005 1568 1054 curavit.
1664 998 1909 1052 Tubulus

336 1104 598 1155 nimirum
646 1121 676 1155 e
719 1102 886 1155 latere
933 1102 1056 1155 finis
1107 1105 1350 1174 corporis
1399 1100 1617 1154 obtusae
1661 1101 1909 1149 interiori

336 1198 853 1254 infundibuliformis
911 1201 977 1254 ab
1040 1205 1193 1274 apice
1239 1201 1420 1271 amplo
1482 1212 1536 1252 et
1593 1198 1777 1249 hiante
1843 1198 1911 1249 ad

335 1297 490 1371 basin
539 1304 739 1353 sensim
787 1310 1087 1355 attenuatus
1134 1298 1441 1352 includebat
1483 1314 1686 1369 penem
1737 1295 1910 1367 cylin-

336 1397 562 1463 dricum‚
598 1409 840 1466 tenuem,
883 1400 1207 1472 simplicem,
1253 1396 1499 1452 tubulum
1541 1395 1703 1466 longe
1749 1411 1911 1467 supe-

317 1505 568 1562 rantem.
625 1494 757 1567 (Fig.
799 1496 873 1568 1.)

347 1588 349 1591 ’
474 1600 526 1652 2.
587 1594 831 1649 Tubulus
881 1604 994 1648 erat
1041 1594 1461 1668 subpyriformis
1510 1591 1642 1667 (Fig.
1700 1595 1774 1667 2.)
1822 1604 1913 1646 aut

338 1692 662 1763 cylindricus
706 1692 905 1764 absque
939 1712 1082 1765 pene
1120 1703 1354 1748 exsertO.

476 1796 528 1849 3.
600 1789 845 1842 Tubulus
895 1801 1010 1843 erat
1055 1796 1114 1842 in
1157 1793 1396 1843 formam
1441 1790 1615 1843 bullae
1663 1800 1909 1844 eontrac-

338 1898 451 1954 tuS,
490 1906 561 1939 ex
597 1888 703 1958 qua
738 1893 893 1959 penis
933 1888 1216 1941 eminebat.
1254 1887 1385 1959 (Fig.
1421 1889 1498 1962 3.)
1572 1939 1576 1941 .

477 1985 810 2051 Vesiculam,
849 1985 1064 2056 qualem
1108 1985 1423 2040 RUDOLPHI
1472 1987 1738 2053 describit,
1773 1988 1913 2041 bilo-2

338 2083 483 2147 bain,
519 2086 636 2153 ipse
672 2101 787 2134 non
821 2083 947 2147 vidi,
983 2100 1098 2133 non
1135 2081 1318 2135 dubito
1357 2101 1504 2150 vero,
1543 2088 1673 2155 quin
1716 2090 1910 2155 vagina

339 2185 493 2253 penis
531 2185 590 2232 in
625 2180 782 2246 alias,
829 2198 891 2232 ac
926 2180 1095 2232 modo
1134 2180 1444 2253 descriptas,
1489 2180 1694 2235 formas
1732 2183 1908 2235 adhuc

337 2283 563 2332 transire
613 2289 664 2332 et
708 2279 814 2332 levi
861 2282 1159 2331 mutatione
1204 2278 1436 2350 figuram
1472 2283 1733 2336 vesiculae
1771 2282 1907 2335 bilo-

336 2377 438 2430 bae
476 2381 637 2430 etiam
674 2396 947 2430 assumere
984 2387 1160 2451 queat.

480 2477 843 2530 Feminarum
877 2496 1013 2549 pars
1060 2495 1251 2531 crassa
1287 2487 1400 2530 erat
1435 2479 1747 2551 simpliciter
1783 2499 1906 2532 cur-

338 2584 474 2641 vata,
527 2574 637 2627 fine
693 2575 905 2642 obtusa,
956 2581 1017 2629 in
1062 2597 1166 2649 qua
1194 2572 1336 2629 'uno
1367 2581 1425 2627 in
1472 2581 1767 2649 specimine
1813 2596 1905 2630 me

338 2675 531 2728 vidisse
571 2673 730 2727 credo
767 2675 1034 2728 orificium
1071 2680 1173 2728 ani.
1223 2675 1285 2729 V
1279 2676 1474 2728 ulvczm
1509 2678 1903 2728 distinctissime

344 2777 603 2844 conspexi
640 2774 889 2827 omnibus
923 2779 983 2827 in
1028 2773 1243 2828 feminis
1291 2792 1477 2828 versus
1522 2774 1692 2826 finem
1737 2777 1903 2844 partis

258 2912 268 2918 .
343 2890 575 2942 crassae,
624 2877 977 2943 anteriorem,
1023 2878 1135 2930 sive
1180 2873 1280 2942 ibi,
1327 2873 1420 2926 ubi
1453 2874 1588 2926 haec
1622 2875 1810 2945 incipit
1840 2873 1902 2923 in

454 3085 492 3140 ’)
520 3088 661 3133 Ueber
687 3090 768 3134 leb.
799 3090 867 3133 W.
896 3093 957 3134 'un
986 3090 1067 3135 leb.
1098 3090 1156 3138 Μ,
1189 3089 1294 3135 Τιὼ.
1324 3087 1358 3132 1.
1396 3088 1486 3144 Fig.
1517 3088 1559 3135 2.
