2090 3568
672 210 1130 267 „15-

121 381 179 428 in
213 373 601 441 Entozoologia
638 369 844 432 dubius,
882 371 1003 438 quia
1040 366 1304 420 foeminas
1349 373 1484 425 solas
1530 376 1680 427 inve-

121 481 290 537 norat,
307 470 393 523 ad
431 468 747 540 Strongylos
786 466 1130 518 amandatam
1169 465 1443 537 Strongyli
1477 471 1682 526 horridi

121 574 344 625 nomine
378 571 742 638 insigniverat,
780 565 1037 618 delineari
1073 566 1361 637 curavitssss).
1408 565 1472 617 In
1509 574 1679 637 colle,

122 675 167 722 si
201 677 412 740 partem
447 670 609 745 capiti
646 684 916 718 annexam
953 668 1026 717 ita
1059 680 1257 717 vocare
1294 669 1388 730 viS,
1424 684 1560 717 mox
1604 670 1687 719 in—

120 768 201 821 fra
250 776 407 837 caput
451 769 510 816 in
558 774 786 836 utroque
830 765 994 815 latere
1043 767 1369 835 conspicitur
1415 783 1582 818 arcus
1619 784 1689 817 ex

121 866 314 919 aculeis
363 864 652 927 conflatUS,
700 881 731 913 a
778 880 884 932 quo
932 864 1186 935 utrinque
1231 880 1414 914 versus
1463 863 1689 916 caudam

123 964 394 1017 descendit
427 963 613 1014 talium
651 960 980 1026 aculeorum,
1011 969 1304 1027 rectorum,
1339 960 1579 1028 fortium,
1602 981 1691 1015 re·-

121 1064 578 1134 trospicientium‚
623 1059 693 1111 ad
739 1059 965 1111 caudam
1012 1063 1213 1112 sensim
1257 1059 1569 1114 breviorum
1607 1081 1691 1113 se-

120 1165 224 1212 ries
261 1159 438 1222 densa,
476 1175 613 1228 quae
647 1155 794 1209 haud
829 1157 1021 1230 procul
1058 1177 1088 1209 a
1125 1159 1323 1210 caudae
1361 1164 1513 1231 apice
1550 1162 1689 1213 desi-

119 1262 211 1310 nit.
292 1257 369 1309 Ita
418 1265 647 1328 quatuor
690 1256 926 1309 seriebus
973 1257 1285 1309 aculeorum
1331 1277 1527 1331 corpus
1572 1279 1690 1312 ma·-

118 1360 263 1408 rium
317 1365 367 1408 et
430 1355 762 1407 feminarum
815 1356 1021 1428 aequali
1066 1355 1235 1409 modo
1282 1368 1551 1411 armatum
1599 1370 1689 1419 est,

120 1454 295 1526 Caput
365 1473 549 1508 versus
622 1472 834 1508 vermes
908 1460 1162 1508 attenuati
1237 1467 1386 1519 sunt,
1445 1462 1689 1530 corporis

118 1558 311 1626 postici
334 1553 565 1625 aequalis
592 1562 860 1606 caeterum
886 1558 1142 1606 crassitiei
1179 1555 1397 1608 ultimus
1417 1557 1539 1608 finis
1573 1567 1690 1609 tan-

120 1662 236 1705 tum
272 1651 542 1705 decrescit.
597 1654 821 1723 Corpus
855 1657 1142 1724 posticum
1181 1659 1427 1708 marium
1462 1659 1521 1708 in
1546 1656 1692 1719 duaS‚

120 1760 227 1803 tres
264 1751 332 1803 ad
368 1761 596 1822 quatuor
633 1753 802 1822 spiras
840 1752 1152 1804 devolutum
1186 1753 1295 1805 fine
1334 1754 1524 1805 obtuso
1562 1773 1694 1825 gau-

124 1849 241 1912 det,
289 1859 413 1900 ante
459 1867 622 1919 quem
669 1849 934 1919 spiculum
983 1853 1105 1901 satis
1150 1850 1401 1922 longum,
1462 1853 1694 1923 simplex

123 1950 326 2011 visum,
375 1958 648 1999 exsertum
697 1955 787 1999 est.
873 1944 1017 2000 Αἶας
1064 1949 1291 2000 caudae
1337 1954 1692 2012 tenuissimas,

121 2046 374 2109 lineareS,
417 2047 475 2095 in
511 2043 750 2115 pluribus
787 2044 1169 2115 speciminibus
1205 2046 1402 2099 frustra
1439 2052 1693 2121 quaesivi.

128 2144 338 2197 Gauda
364 2143 735 2216 feminarum
774 2152 851 2194 est
887 2152 1170 2209 attenuata,
1208 2144 1323 2198 fere
1358 2157 1520 2212 recta,
1568 2145 1694 2198 sub-

124 2241 309 2295 obtuse
355 2244 645 2294 terminato
693 2242 827 2307 fine,
875 2251 997 2294 ante
1048 2261 1212 2314 quem
1268 2245 1538 2298 orificium
1584 2249 1691 2309 ani,

123 2340 268 2411 quod
302 2344 362 2392 in
397 2339 630 2392 maribus
667 2359 780 2393 non
819 2342 1058 2414 dignovi.
1145 2344 1269 2410 Quo
1307 2345 1474 2396 modo
1514 2364 1694 2396 cana-

126 2442 197 2491 lis
244 2441 645 2491 alimentarias
704 2441 770 2492 ab
830 2459 925 2493 ore
969 2445 1218 2513 incipiat,
1266 2442 1445 2495 dicere
1492 2447 1690 2505 nescio,

127 2555 252 2588 cum
300 2556 449 2603 vasa,
496 2556 632 2608 quae
687 2548 842 2611 caput
898 2549 1122 2605 ornant,
1171 2540 1403 2592 eundem
1446 2541 1693 2592 indistin-

121 2644 271 2687 ctum
319 2639 436 2689 visu
470 2637 725 2703 reddant,
775 2639 868 2691 sed
904 2657 1050 2711 pone
1099 2646 1258 2711 caput
1295 2639 1489 2692 eodem
1525 2639 1691 2691 modo

123 2751 180 2786 se
216 2733 391 2799 habet,
428 2738 503 2786 uti
539 2739 598 2787 in
634 2735 968 2790 RUDOLPHII
1017 2737 1331 2809 Spiroptera
1378 2738 1691 2790 Gallinulae.

236 2912 274 2967 *)
303 2914 488 2967 Excepta
517 2924 659 2954 tamen
690 2915 732 2954 in
762 2915 855 2970 Fig.
884 2917 926 2960 9.
956 2930 1076 2957 arcus
1106 2930 1305 2957 vasorum
1335 2916 1562 2971 superioris
1602 2915 1693 2955 sor-

113 2974 213 3038 Vma‚
241 3003 344 3042 quae
375 2989 623 3045 adspectum
651 2992 829 3047 praebet
868 2995 1097 3050 serpentiS,
1128 2993 1245 3045 cujus
1286 2994 1432 3033 oculus
1470 2990 1577 3031 adeo
1617 3006 1693 3030 ex-

129 3077 295 3118 pressus
333 3076 418 3117 est,
456 3082 528 3108 ore
577 3067 757 3111 caudam
795 3070 998 3124 tenentis,
1039 3080 1080 3112 et
1108 3072 1275 3111 nonnisi
1305 3071 1476 3126 pictoris
1513 3069 1693 3123 phanta-

72 3159 77 3162 ·
129 3139 213 3179 siae
253 3141 459 3193 originem
499 3143 637 3187 debet.
