2090 3568
679 231 1140 289 -17—

563 398 1256 456 Ascuris.

133 533 706 589 Observationes
755 531 842 585 de
877 529 1366 585 Ascaridibas
1404 531 1699 604 dispare

654 645 721 684 ec
757 633 1186 685 vesiculam-i.

266 762 398 814 Hae*
435 761 572 813 duae
608 758 938 815 Ascaridum
984 762 1191 830 speeies
1239 758 1306 810 ab
1353 759 1424 811 ill.
1462 759 1702 812 RUDOL-

126 877 252 928 PHI,
299 865 392 933 qui
439 878 495 912 se
530 857 853 910 Ascaridem
901 858 1175 929 disparem
1220 876 1336 910 non
1382 859 1577 911 vidisse
1614 878 1704 912 re-

127 961 259 1027 fert,
304 965 363 1012 in
400 959 640 1030 Synopsi
684 966 832 1008 tanto
883 961 1056 1028 spatio
1107 957 1399 1023 disjunctae
1447 970 1595 1024 sunt,
1644 971 1704 1012 ut

127 1061 262 1112 haee
297 1063 440 1109 inter
479 1074 565 1107 665
593 1059 816 1127 specim,
842 1074 1072 1127 quarum
1100 1074 1226 1127 pars
1251 1059 1429 1109 antica
1457 1061 1706 1124 crassior,

126 1166 282 1228 caput
329 1155 561 1247 alatum}
607 1153 738 1207 Asc.
797 1155 1106 1208 vesicularis
1157 1165 1343 1208 contra
1392 1159 1537 1208 inter
1584 1175 1708 1210 cor-

126 1273 259 1328 pore
305 1258 562 1327 utrinque
618 1255 908 1325 aequaliter
965 1264 1265 1320 attenuato,
1326 1259 1500 1327 capite
1556 1256 1705 1308 nudo

125 1352 418 1425 gaudentes
456 1354 640 1405 locum
679 1353 984 1406 obtinuerit.
1061 1354 1198 1405 Sunt
1223 1364 1405 1406 autem
1435 1372 1558 1415 vere
1595 1367 1708 1409 tam

124 1453 324 1505 similes
356 1452 470 1518 sibi,
506 1462 566 1504 ut
601 1457 823 1505 nonnisi
857 1456 1103 1505 maxima
1141 1453 1378 1507 adhibita
1415 1459 1709 1509 attentione

126 1572 157 1606 6
194 1571 250 1605 56
286 1556 522 1605 invicem
561 1553 815 1623 distingui
851 1553 1166 1624 possint*)‚
1205 1553 1351 1624 quod
1378 1553 1711 1608 observatio-

125 1671 222 1705 nes
268 1672 419 1704 meas
470 1651 658 1704 dehis
695 1649 1046 1706 Ascaridibus
1083 1650 1414 1726 proferendo
1451 1673 1542 1707 me
1579 1674 1711 1727 pro—

125 1752 378 1805 baturum
417 1770 530 1804 esse
569 1771 746 1822 spero·
1245 1746 1260 1769 ⁸

270 1849 584 1904 Asc-arides
634 1850 891 1920 dispares
945 1853 1004 1902 in
1048 1849 1326 1906 Anserum
1385 1854 1712 1907 domestico-

132 1968 257 2000 rum
312 1953 581 2000 intestinis
643 1952 818 2000 coecis
882 1949 1051 2000 semel
1097 1951 1248 2017 Majo
1308 1962 1360 2003 et
1404 1952 1483 2004 bis
1531 1954 1710 2018 Junio,

129 2066 411 2118 nunquam
455 2050 515 2096 in
560 2049 823 2097 intestinis
863 2065 1056 2099 eorum
1091 2052 1297 2120 reperi,
1347 2069 1482 2121 quos
1520 2050 1712 2103 hordei

134 2156 185 2199 et
231 2164 432 2199 avenae
468 2149 648 2216 granis
688 2148 983 2215 saginatos,
1035 2158 1086 2200 et
1121 2160 1380 2218 vergente
1417 2160 1711 2203 auctumno

131 2255 392 2299 mactatos
439 2253 802 2316 perscrutatus
852 2263 988 2297 sum.
1065 2246 1144 2299 Cl.
1184 2248 1394 2301 ZEDER
1433 2259 1620 2302 contra
1656 2254 1715 2302 in

132 2348 381 2416 saginatis
407 2348 731 2416 praesertim
770 2349 1033 2415 copiosam,
1068 2349 1127 2397 in
1163 2347 1502 2417 pascentibus
1539 2353 1715 2401 rario-

132 2463 220 2496 res
260 2446 603 2496 easinvenit.
688 2443 816 2494 Sine
866 2442 1029 2496 dubio
1076 2450 1421 2515 saginationis
1462 2465 1619 2499 causa
1657 2452 1715 2499 in

133 2547 356 2613 regione
395 2541 460 2593 ab
516 2542 607 2594 illo
668 2541 902 2593 habitata
959 2541 1167 2613 pabulis
1216 2545 1330 2597 aliis
1378 2546 1714 2599 mollioribus

135 2641 334 2714 (farina
381 2639 565 2694 forsan
613 2651 664 2693 et
710 2625 946 2708 furfure,
985 2660 1122 2713 quae
1161 2648 1401 2697 entozois
1438 2649 1717 2699 intestina-

134 2740 270 2794 libus
319 2739 524 2812 favent)
575 2759 792 2794 anseres
841 2741 1082 2808 aluntur,
1130 2761 1190 2793 ac
1239 2746 1297 2795 in
1344 2754 1553 2813 nostra,
1610 2766 1716 2817 qua

254 3038 288 3095 ¹⁹²)
325 3044 468 3086 Etiam
508 3044 560 3088 cl.
600 3044 770 3086 Nrrscn
813 3044 914 3086 dicit
953 3044 1021 3100 (in
1065 3043 1142 3086 der
1181 3043 1362 3100 Allgem.
1402 3045 1719 3104 Encyclopzvidie

144 3109 220 3150 der
248 3112 604 3156 wissenschaften
643 3115 733 3156 und
762 3116 926 3157 Kiinste
957 3132 1042 3157 von
1072 3117 1208 3157 Ersch
1238 3117 1329 3157 und
1359 3118 1547 3157 Gruber.
1604 3117 1721 3157 Arti-

146 3179 236 3224 kel:
266 3179 479 3240 Ascaris):=
506 3185 644 3239 „Sehr
674 3185 764 3228 und
794 3202 847 3228 zu
878 3187 1046 3228 iihnlich
1078 3187 1154 3228 der
1183 3186 1237 3228 A.
1268 3189 1548 3229 vesicula1-is.“
1603 3205 1620 3212 --

1244 3271 1392 3340 [2]
