2090 3568
873 171 954 208 7·-
1062 157 1123 197 VI
1225 168 1309 181 ⁸—

318 311 526 392 cerpsi,
591 308 803 383 libros,
870 307 929 366 in
992 307 1207 388 quibus
1274 308 1704 369 observationes
1767 311 1885 370 huc

312 436 667 520 pertinentes
719 451 1068 516 exspectare
1150 450 1441 515 poteram,
1527 436 1883 517 perlustravi.

311 534 587 639 Vermes,
623 583 775 644 quos
816 559 1201 636 inveniebam,
1247 560 1528 641 aliosque,
1575 584 1724 644 quos
1755 563 1884 640 viri,

310 691 464 753 infra
505 686 806 764 laudandi,
849 706 1083 746 mecum
1120 686 1652 766 communicabant,
1696 706 1882 749 atten-

308 820 528 894 tissime
594 814 946 890 examinavi,
1007 812 1561 894 observationesque
1621 814 1684 874 in
1753 815 1882 874 dia-

307 948 464 1008 rium
526 943 723 1005 notavi
787 937 1038 1001 candide
1103 956 1161 999 et
1223 939 1462 999 sincere.
1570 939 1758 1021 Saepe
1811 942 1882 999 ab

307 1073 510 1134 amicis
574 1066 1026 1153 gryphiensibus
1084 1083 1140 1126 et
1191 1088 1223 1124 a
1275 1088 1370 1125 me
1426 1065 1556 1147 ipso
1614 1033 1881 1128 inventae

305 1215 440 1260 sunt
481 1195 708 1279 species
739 1191 975 1268 dubiae,
1017 1192 1234 1273 passim
1268 1192 1440 1271 plane
1472 1213 1678 1269 novae,
1718 1192 1881 1252 haud

304 1349 435 1387 raro
501 1325 565 1384 in
633 1326 748 1402 jam
808 1317 1073 1401 cognitis,
1121 1339 1274 1378 nova
1340 1314 1628 1399 quaedam
1688 1335 1878 1377 tamen

303 1451 510 1514 detexi.
615 1449 850 1508 Partem
913 1443 1386 1506 observationum
1448 1443 1661 1503 harum
1723 1467 1878 1527 opu-

300 1580 532 1639 sculum
573 1597 823 1657 sequens
868 1571 1155 1648 continet,
1199 1569 1459 1651 reliquae
1489 1569 1593 1629 has
1623 1592 1876 1652 sequen-

298 1726 421 1782 tur,
475 1703 524 1762 si
579 1702 743 1760 Deus
796 1699 1002 1775 vitam,
1055 1696 1320 1777 vigorem
1375 1715 1431 1756 et
1483 1697 1672 1757 otium
1711 1697 1875 1757 'milii

302 1830 578 1906 donabit,
629 1827 880 1910 Virique
926 1823 1088 1884 docti
1131 1840 1188 1880 et
1228 1822 1363 1899 justi
1405 1822 1672 1881 laborem
1713 1823 1876 1883 hunc

298 1978 499 2027 meum.
548 1951 712 2011 haud
755 1950 920 2011 omni
965 1947 1449 2028 comprobatione
1492 1970 1734 2028 prorsus
1778 1949 1875 2008 in-

302 2081 547 2162 dignum
591 2073 972 2136 existimaturi
1014 2073 1142 2131 sint.

467 2328 749 2389 Maximas
804 2323 1025 2403 debeO,
1081 2347 1226 2406 quas
1279 2325 1379 2385 hic
1433 2325 1669 2407 publice
1724 2349 1871 2408 pro-

301 2455 531 2519 ferendi
584 2453 893 2516 occasione
962 2450 1362 2512 lubentissime
1433 2468 1600 2529 utor,
1664 2453 1870 2535 gratias

300 2585 460 2644 Viris
493 2580 907 2654 celeberrimiS,
936 2576 1310 2638 ROSENTHAL
1340 2596 1396 2638 et
1428 2577 1869 2654 HORNSCHUCH,

300 2709 737 2770 Professorihus
801 2703 1279 2790 gryphiensibUS,
1344 2721 1581 2763 naturae
1642 2719 1868 2762 scruta-

256 2878 259 2879 ⁷
301 2837 526 2898 toribus
583 2833 840 2909 eximiis,
899 2830 1032 2913 qui,
1101 2830 1308 2911 quovis
1364 2826 1547 2888 modo
1609 2825 1868 2887 studium

300 2985 496 3023 meum
561 2957 1150 3040 helminthologicum
1229 2955 1588 3038 promoturi,
1671 2954 1869 3015 omnia
