<?xml version="1.0" encoding="UTF-8"?>
<!DOCTYPE html PUBLIC "-//W3C//DTD XHTML 1.0 Transitional//EN"
    "http://www.w3.org/TR/xhtml1/DTD/xhtml1-transitional.dtd">
<html xmlns="http://www.w3.org/1999/xhtml" xml:lang="en" lang="en">
 <head>
  <title>
</title>
<meta http-equiv="Content-Type" content="text/html;charset=utf-8" />
  <meta name='ocr-system' content='tesseract 3.04.00' />
  <meta name='ocr-capabilities' content='ocr_page ocr_carea ocr_par ocr_line ocrx_word'/>
</head>
<body>
  <div class='ocr_page' id='page_1' title='image "./observationesdee00crep_0071.png"; bbox 0 0 2090 3568; ppageno 0'>
   <div class='ocr_carea' id='block_1_1' title="bbox 684 134 1143 189">
    <p class='ocr_par' dir='ltr' id='par_1_1' title="bbox 684 134 1143 189">
     <span class='ocr_line' id='line_1_1' title="bbox 684 134 1143 189; baseline 0.004 -19"><span class='ocrx_word' id='word_1_1' title='bbox 684 134 1143 189; x_wconf 70' lang='grc'><em>-57-</em></span> 
     </span>
    </p>
   </div>
   <div class='ocr_carea' id='block_1_2' title="bbox 108 289 1699 1732">
    <p class='ocr_par' dir='ltr' id='par_1_2' title="bbox 113 289 1690 463">
     <span class='ocr_line' id='line_1_2' title="bbox 115 289 1690 361; baseline 0 -14"><span class='ocrx_word' id='word_1_2' title='bbox 115 297 300 358; x_wconf 84' lang='lat' dir='ltr'>venio,</span> <span class='ocrx_word' id='word_1_3' title='bbox 350 302 407 343; x_wconf 81' lang='lat' dir='ltr'>ut</span> <span class='ocrx_word' id='word_1_4' title='bbox 441 308 526 343; x_wconf 76' lang='lat' dir='ltr'>ne.</span> <span class='ocrx_word' id='word_1_5' title='bbox 551 289 770 361; x_wconf 84' lang='lat' dir='ltr'>quidem</span> <span class='ocrx_word' id='word_1_6' title='bbox 807 308 1000 360; x_wconf 81' lang='lat' dir='ltr'>porOS‚</span> <span class='ocrx_word' id='word_1_7' title='bbox 1036 291 1207 342; x_wconf 81' lang='lat' dir='ltr'>multo</span> <span class='ocrx_word' id='word_1_8' title='bbox 1245 296 1424 348; x_wconf 85' lang='lat' dir='ltr'>minus</span> <span class='ocrx_word' id='word_1_9' title='bbox 1462 294 1562 347; x_wconf 87' lang='lat' dir='ltr'>alia</span> <span class='ocrx_word' id='word_1_10' title='bbox 1600 313 1690 347; x_wconf 82' lang='lat' dir='ltr'>or-</span> 
     </span>
     <span class='ocr_line' id='line_1_3' title="bbox 113 388 1111 463; baseline -0.001 -20"><span class='ocrx_word' id='word_1_11' title='bbox 113 410 255 463; x_wconf 88' lang='lat' dir='ltr'>gana</span> <span class='ocrx_word' id='word_1_12' title='bbox 293 391 618 461; x_wconf 81' lang='lat' dir='ltr'>distinguere</span> <span class='ocrx_word' id='word_1_13' title='bbox 654 393 712 440; x_wconf 88' lang='lat' dir='ltr'>in</span> <span class='ocrx_word' id='word_1_14' title='bbox 747 388 849 440; x_wconf 83' lang='lat' dir='ltr'>illis</span> <span class='ocrx_word' id='word_1_15' title='bbox 887 388 1111 442; x_wconf 87' lang='lat' dir='ltr'>valeam.</span> 
     </span>
    </p>

    <p class='ocr_par' dir='ltr' id='par_1_3' title="bbox 108 488 1699 1732">
     <span class='ocr_line' id='line_1_4' title="bbox 256 488 1693 563; baseline 0.002 -22"><span class='ocrx_word' id='word_1_16' title='bbox 256 489 409 542; x_wconf 85' lang='lat' dir='ltr'>Obs.</span> <span class='ocrx_word' id='word_1_17' title='bbox 493 488 671 541; x_wconf 88' lang='lat' dir='ltr'>Valde</span> <span class='ocrx_word' id='word_1_18' title='bbox 715 491 923 540; x_wconf 80' lang='lat' dir='ltr'>tenacia</span> <span class='ocrx_word' id='word_1_19' title='bbox 968 491 1107 540; x_wconf 83' lang='lat' dir='ltr'>vitae</span> <span class='ocrx_word' id='word_1_20' title='bbox 1158 488 1320 537; x_wconf 75' lang='lat' dir='ltr'>etiam</span> <span class='ocrx_word' id='word_1_21' title='bbox 1369 503 1468 557; x_wconf 82' lang='lat' dir='ltr'>ego</span> <span class='ocrx_word' id='word_1_22' title='bbox 1512 497 1693 563; x_wconf 83' lang='lat' dir='ltr'>reperi</span> 
     </span>
     <span class='ocr_line' id='line_1_5' title="bbox 114 586 1694 644; baseline -0.004 -2"><span class='ocrx_word' id='word_1_23' title='bbox 114 590 248 642; x_wconf 89' lang='lat' dir='ltr'>haec</span> <span class='ocrx_word' id='word_1_24' title='bbox 299 589 615 640; x_wconf 81' lang='lat' dir='ltr'>Distomata.</span> <span class='ocrx_word' id='word_1_25' title='bbox 697 587 768 638; x_wconf 91' lang='lat' dir='ltr'>D.</span> <span class='ocrx_word' id='word_1_26' title='bbox 817 588 902 644; x_wconf 80' lang='lat'>24.</span> <span class='ocrx_word' id='word_1_27' title='bbox 950 586 1077 638; x_wconf 88' lang='lat' dir='ltr'>Julii</span> <span class='ocrx_word' id='word_1_28' title='bbox 1123 594 1246 637; x_wconf 79' lang='lat' dir='ltr'>ante</span> <span class='ocrx_word' id='word_1_29' title='bbox 1291 586 1580 639; x_wconf 81' lang='lat' dir='ltr'><strong>meridiem</strong></span> <span class='ocrx_word' id='word_1_30' title='bbox 1631 608 1694 642; x_wconf 77' lang='lat' dir='ltr'>ea</span> 
     </span>
     <span class='ocr_line' id='line_1_6' title="bbox 113 684 1696 759; baseline -0.001 -19"><span class='ocrx_word' id='word_1_31' title='bbox 113 691 322 754; x_wconf 84' lang='lat' dir='ltr'>inveni,</span> <span class='ocrx_word' id='word_1_32' title='bbox 373 691 666 759; x_wconf 80' lang='lat' dir='ltr'>omniaque</span> <span class='ocrx_word' id='word_1_33' title='bbox 717 687 893 739; x_wconf 81' lang='lat' dir='ltr'>vivide</span> <span class='ocrx_word' id='word_1_34' title='bbox 941 704 998 737; x_wconf 88' lang='lat' dir='ltr'>se</span> <span class='ocrx_word' id='word_1_35' title='bbox 1045 684 1155 738; x_wconf 89' lang='lat' dir='ltr'>vidi</span> <span class='ocrx_word' id='word_1_36' title='bbox 1213 701 1439 735; x_wconf 87' lang='lat' dir='ltr'>movere</span> <span class='ocrx_word' id='word_1_37' title='bbox 1483 687 1543 735; x_wconf 91' lang='lat' dir='ltr'>in</span> <span class='ocrx_word' id='word_1_38' title='bbox 1592 688 1696 739; x_wconf 79' lang='lat' dir='ltr'>tela</span> 
     </span>
     <span class='ocr_line' id='line_1_7' title="bbox 115 782 1696 856; baseline -0.002 -17"><span class='ocrx_word' id='word_1_39' title='bbox 115 788 363 839; x_wconf 81' lang='lat' dir='ltr'>cellulosa</span> <span class='ocrx_word' id='word_1_40' title='bbox 404 785 499 837; x_wconf 85' lang='lat' dir='ltr'>sub</span> <span class='ocrx_word' id='word_1_41' title='bbox 539 793 657 835; x_wconf 83' lang='lat' dir='ltr'>cute</span> <span class='ocrx_word' id='word_1_42' title='bbox 703 803 870 855; x_wconf 87' lang='lat' dir='ltr'>aquae</span> <span class='ocrx_word' id='word_1_43' title='bbox 909 784 1135 856; x_wconf 72' lang='lat' dir='ltr'>frigidae</span> <span class='ocrx_word' id='word_1_44' title='bbox 1170 785 1430 835; x_wconf 85' lang='lat' dir='ltr'>immissa.</span> <span class='ocrx_word' id='word_1_45' title='bbox 1501 782 1574 836; x_wconf 84' lang='lat' dir='ltr'>D.</span> <span class='ocrx_word' id='word_1_46' title='bbox 1611 786 1696 841; x_wconf 78' lang='lat'>25.</span> 
     </span>
     <span class='ocr_line' id='line_1_8' title="bbox 113 881 1697 938; baseline -0.001 -1"><span class='ocrx_word' id='word_1_47' title='bbox 113 887 238 938; x_wconf 87' lang='lat' dir='ltr'>Julii</span> <span class='ocrx_word' id='word_1_48' title='bbox 285 903 449 937; x_wconf 86' lang='lat' dir='ltr'>mane</span> <span class='ocrx_word' id='word_1_49' title='bbox 495 901 591 934; x_wconf 91' lang='lat' dir='ltr'>suo</span> <span class='ocrx_word' id='word_1_50' title='bbox 642 900 713 934; x_wconf 81' lang='lat' dir='ltr'>ex</span> <span class='ocrx_word' id='word_1_51' title='bbox 748 883 1051 936; x_wconf 72' lang='lat' dir='ltr'>habitaculo</span> <span class='ocrx_word' id='word_1_52' title='bbox 1092 885 1285 934; x_wconf 87' lang='lat' dir='ltr'>emissa</span> <span class='ocrx_word' id='word_1_53' title='bbox 1322 881 1511 935; x_wconf 86' lang='lat' dir='ltr'>itidem</span> <span class='ocrx_word' id='word_1_54' title='bbox 1547 886 1697 937; x_wconf 82' lang='lat' dir='ltr'>Viva-</span> 
     </span>
     <span class='ocr_line' id='line_1_9' title="bbox 117 981 1699 1054; baseline 0 -18"><span class='ocrx_word' id='word_1_55' title='bbox 117 989 248 1036; x_wconf 80' lang='lat' dir='ltr'>citer</span> <span class='ocrx_word' id='word_1_56' title='bbox 283 985 416 1035; x_wconf 85' lang='lat' dir='ltr'>adeo</span> <span class='ocrx_word' id='word_1_57' title='bbox 452 988 510 1033; x_wconf 86' lang='lat' dir='ltr'>in</span> <span class='ocrx_word' id='word_1_58' title='bbox 547 1000 685 1052; x_wconf 86' lang='lat' dir='ltr'>aqua</span> <span class='ocrx_word' id='word_1_59' title='bbox 721 1000 779 1034; x_wconf 86' lang='lat' dir='ltr'>se</span> <span class='ocrx_word' id='word_1_60' title='bbox 814 981 1122 1047; x_wconf 81' lang='lat' dir='ltr'>movebant,</span> <span class='ocrx_word' id='word_1_61' title='bbox 1161 985 1247 1033; x_wconf 87' lang='lat' dir='ltr'>cui</span> <span class='ocrx_word' id='word_1_62' title='bbox 1269 984 1546 1033; x_wconf 82' lang='lat' dir='ltr'>immissae</span> <span class='ocrx_word' id='word_1_63' title='bbox 1569 1001 1699 1054; x_wconf 87' lang='lat' dir='ltr'>par-</span> 
     </span>
     <span class='ocr_line' id='line_1_10' title="bbox 114 1080 1694 1152; baseline -0.002 -16"><span class='ocrx_word' id='word_1_64' title='bbox 114 1095 191 1136; x_wconf 79' lang='lat' dir='ltr'>tes</span> <span class='ocrx_word' id='word_1_65' title='bbox 239 1083 374 1134; x_wconf 85' lang='lat' dir='ltr'>illae.</span> <span class='ocrx_word' id='word_1_66' title='bbox 445 1081 699 1132; x_wconf 87' lang='lat' dir='ltr'>Erinacei</span> <span class='ocrx_word' id='word_1_67' title='bbox 755 1081 864 1147; x_wconf 78' lang='lat' dir='ltr'>jam</span> <span class='ocrx_word' id='word_1_68' title='bbox 921 1080 1223 1152; x_wconf 82' lang='lat' dir='ltr'>putredinis</span> <span class='ocrx_word' id='word_1_69' title='bbox 1281 1080 1512 1132; x_wconf 86' lang='lat' dir='ltr'>odorem</span> <span class='ocrx_word' id='word_1_70' title='bbox 1570 1085 1694 1134; x_wconf 80' lang='lat' dir='ltr'>satis</span> 
     </span>
     <span class='ocr_line' id='line_1_11' title="bbox 111 1175 1696 1251; baseline -0.001 -17"><span class='ocrx_word' id='word_1_71' title='bbox 111 1180 311 1234; x_wconf 82' lang='lat' dir='ltr'>fortem</span> <span class='ocrx_word' id='word_1_72' title='bbox 346 1182 782 1249; x_wconf 75' lang='lat' dir='ltr'>impertiverant,</span> <span class='ocrx_word' id='word_1_73' title='bbox 819 1182 896 1230; x_wconf 81' lang='lat' dir='ltr'>u[i</span> <span class='ocrx_word' id='word_1_74' title='bbox 941 1183 1000 1231; x_wconf 89' lang='lat' dir='ltr'>in</span> <span class='ocrx_word' id='word_1_75' title='bbox 1048 1198 1185 1251; x_wconf 84' lang='lat' dir='ltr'>aqua</span> <span class='ocrx_word' id='word_1_76' title='bbox 1229 1175 1453 1231; x_wconf 81' lang='lat' dir='ltr'>fontana</span> <span class='ocrx_word' id='word_1_77' title='bbox 1498 1178 1696 1250; x_wconf 78' lang='lat' dir='ltr'>frigida</span> 
     </span>
     <span class='ocr_line' id='line_1_12' title="bbox 109 1277 1694 1351; baseline 0.001 -20"><span class='ocrx_word' id='word_1_78' title='bbox 109 1283 327 1332; x_wconf 71' lang='lat' dir='ltr'>recenti.</span> <span class='ocrx_word' id='word_1_79' title='bbox 419 1277 671 1350; x_wconf 84' lang='lat' dir='ltr'>Vespera</span> <span class='ocrx_word' id='word_1_80' title='bbox 735 1278 841 1330; x_wconf 85' lang='lat' dir='ltr'>diei</span> <span class='ocrx_word' id='word_1_81' title='bbox 906 1282 991 1336; x_wconf 76' lang='lat'>25.</span> <span class='ocrx_word' id='word_1_82' title='bbox 1047 1278 1176 1332; x_wconf 86' lang='lat' dir='ltr'>Julii</span> <span class='ocrx_word' id='word_1_83' title='bbox 1241 1277 1446 1351; x_wconf 77' lang='lat' dir='ltr'>aliquot</span> <span class='ocrx_word' id='word_1_84' title='bbox 1502 1296 1694 1332; x_wconf 83' lang='lat' dir='ltr'>eorum</span> 
     </span>
     <span class='ocr_line' id='line_1_13' title="bbox 108 1374 1692 1450; baseline 0.001 -20"><span class='ocrx_word' id='word_1_85' title='bbox 108 1388 325 1430; x_wconf 84' lang='lat' dir='ltr'>mortua</span> <span class='ocrx_word' id='word_1_86' title='bbox 374 1395 492 1429; x_wconf 87' lang='lat' dir='ltr'>esse</span> <span class='ocrx_word' id='word_1_87' title='bbox 537 1376 881 1443; x_wconf 77' lang='lat' dir='ltr'>videbantur,</span> <span class='ocrx_word' id='word_1_88' title='bbox 942 1379 1042 1431; x_wconf 82' lang='lat' dir='ltr'>alia</span> <span class='ocrx_word' id='word_1_89' title='bbox 1089 1377 1259 1431; x_wconf 83' lang='lat' dir='ltr'>multa</span> <span class='ocrx_word' id='word_1_90' title='bbox 1306 1374 1482 1430; x_wconf 86' lang='lat' dir='ltr'>adhuc</span> <span class='ocrx_word' id='word_1_91' title='bbox 1531 1379 1692 1450; x_wconf 79' lang='lat' dir='ltr'>agiles</span> 
     </span>
     <span class='ocr_line' id='line_1_14' title="bbox 111 1476 1694 1549; baseline 0.001 -20"><span class='ocrx_word' id='word_1_92' title='bbox 111 1486 290 1529; x_wconf 81' lang='lat' dir='ltr'>motus</span> <span class='ocrx_word' id='word_1_93' title='bbox 340 1477 498 1529; x_wconf 88' lang='lat' dir='ltr'>edere</span> <span class='ocrx_word' id='word_1_94' title='bbox 546 1476 942 1530; x_wconf 74' lang='lat' dir='ltr'>continuabant.</span> <span class='ocrx_word' id='word_1_95' title='bbox 1028 1477 1274 1530; x_wconf 84' lang='lat' dir='ltr'>Plurima</span> <span class='ocrx_word' id='word_1_96' title='bbox 1317 1485 1436 1529; x_wconf 82' lang='lat' dir='ltr'>tum</span> <span class='ocrx_word' id='word_1_97' title='bbox 1484 1483 1694 1549; x_wconf 84' lang='lat' dir='ltr'>spiritui</span> 
     </span>
     <span class='ocr_line' id='line_1_15' title="bbox 111 1576 1689 1647; baseline -0.001 -19"><span class='ocrx_word' id='word_1_98' title='bbox 111 1580 223 1628; x_wconf 87' lang='lat' dir='ltr'>vini</span> <span class='ocrx_word' id='word_1_99' title='bbox 262 1579 527 1641; x_wconf 85' lang='lat' dir='ltr'>commisi,</span> <span class='ocrx_word' id='word_1_100' title='bbox 567 1585 618 1627; x_wconf 80' lang='lat' dir='ltr'>et</span> <span class='ocrx_word' id='word_1_101' title='bbox 654 1594 791 1647; x_wconf 89' lang='lat' dir='ltr'>quae</span> <span class='ocrx_word' id='word_1_102' title='bbox 827 1580 886 1628; x_wconf 90' lang='lat' dir='ltr'>in</span> <span class='ocrx_word' id='word_1_103' title='bbox 923 1595 1058 1647; x_wconf 83' lang='lat' dir='ltr'>aqua</span> <span class='ocrx_word' id='word_1_104' title='bbox 1095 1576 1439 1647; x_wconf 79' lang='lat' dir='ltr'>reliqueram,</span> <span class='ocrx_word' id='word_1_105' title='bbox 1478 1576 1565 1627; x_wconf 89' lang='lat' dir='ltr'>die</span> <span class='ocrx_word' id='word_1_106' title='bbox 1602 1583 1689 1637; x_wconf 77' lang='lat'>26,</span> 
     </span>
     <span class='ocr_line' id='line_1_16' title="bbox 111 1674 1690 1732; baseline 0.003 -4"><span class='ocrx_word' id='word_1_107' title='bbox 111 1677 236 1728; x_wconf 87' lang='lat' dir='ltr'>Julii</span> <span class='ocrx_word' id='word_1_108' title='bbox 272 1694 432 1731; x_wconf 81' lang='lat' dir='ltr'>mane</span> <span class='ocrx_word' id='word_1_109' title='bbox 481 1674 705 1731; x_wconf 85' lang='lat' dir='ltr'>demum</span> <span class='ocrx_word' id='word_1_110' title='bbox 745 1680 908 1732; x_wconf 82' lang='lat' dir='ltr'>etiam</span> <span class='ocrx_word' id='word_1_111' title='bbox 943 1685 1160 1729; x_wconf 80' lang='lat' dir='ltr'>mortua</span> <span class='ocrx_word' id='word_1_112' title='bbox 1199 1693 1316 1729; x_wconf 88' lang='lat' dir='ltr'>esse</span> <span class='ocrx_word' id='word_1_113' title='bbox 1353 1675 1690 1732; x_wconf 84' lang='lat' dir='ltr'>videbantur.</span> 
     </span>
    </p>
   </div>
   <div class='ocr_carea' id='block_1_3' title="bbox 176 1921 1347 2004">
    <p class='ocr_par' dir='ltr' id='par_1_4' title="bbox 176 1921 1347 2004">
     <span class='ocr_line' id='line_1_17' title="bbox 176 1921 1347 2004; baseline -0.004 -20"><span class='ocrx_word' id='word_1_114' title='bbox 176 1929 253 2004; x_wconf 74' lang='lat'>2,</span> <span class='ocrx_word' id='word_1_115' title='bbox 321 1923 661 1983; x_wconf 84' lang='lat' dir='ltr'>Distoma</span> <span class='ocrx_word' id='word_1_116' title='bbox 713 1922 1128 2002; x_wconf 81' lang='lat' dir='ltr'>longicolle</span> <span class='ocrx_word' id='word_1_117' title='bbox 1182 1921 1347 1980; x_wconf 82' lang='lat' dir='ltr'>mihi.</span> 
     </span>
    </p>
   </div>
   <div class='ocr_carea' id='block_1_4' title="bbox 107 2069 1694 3117">
    <p class='ocr_par' dir='ltr' id='par_1_5' title="bbox 107 2069 1694 2338">
     <span class='ocr_line' id='line_1_18' title="bbox 249 2069 1693 2143; baseline 0.001 -19"><span class='ocrx_word' id='word_1_118' title='bbox 249 2072 320 2124; x_wconf 92' lang='lat' dir='ltr'>D.</span> <span class='ocrx_word' id='word_1_119' title='bbox 368 2083 537 2138; x_wconf 81' lang='lat' dir='ltr'>teres,</span> <span class='ocrx_word' id='word_1_120' title='bbox 586 2072 884 2137; x_wconf 77' lang='lat' dir='ltr'>tumidum,</span> <span class='ocrx_word' id='word_1_121' title='bbox 942 2069 1365 2142; x_wconf 82' lang='lat' dir='ltr'>subellipticum‚</span> <span class='ocrx_word' id='word_1_122' title='bbox 1424 2088 1693 2143; x_wconf 88' lang='lat' dir='ltr'>pororum</span> 
     </span>
     <span class='ocr_line' id='line_1_19' title="bbox 107 2169 1694 2237; baseline 0.002 -15"><span class='ocrx_word' id='word_1_123' title='bbox 107 2175 602 2223; x_wconf 76' lang='lat' dir='ltr'>remotissimorum</span> <span class='ocrx_word' id='word_1_124' title='bbox 649 2175 825 2223; x_wconf 79' lang='lat' dir='ltr'>antico</span> <span class='ocrx_word' id='word_1_125' title='bbox 872 2169 1050 2223; x_wconf 86' lang='lat' dir='ltr'>infero</span> <span class='ocrx_word' id='word_1_126' title='bbox 1098 2169 1410 2237; x_wconf 84' lang='lat' dir='ltr'>orbiculari,</span> <span class='ocrx_word' id='word_1_127' title='bbox 1468 2172 1694 2225; x_wconf 77' lang='lat' dir='ltr'>ventrali</span> 
     </span>
     <span class='ocr_line' id='line_1_20' title="bbox 107 2271 676 2338; baseline 0.002 -17"><span class='ocrx_word' id='word_1_128' title='bbox 107 2271 315 2338; x_wconf 82' lang='lat' dir='ltr'>majore</span> <span class='ocrx_word' id='word_1_129' title='bbox 351 2280 676 2324; x_wconf 82' lang='lat' dir='ltr'>transverso.</span> 
     </span>
    </p>

    <p class='ocr_par' dir='ltr' id='par_1_6' title="bbox 109 2367 1694 2935">
     <span class='ocr_line' id='line_1_21' title="bbox 255 2367 1693 2424; baseline 0.003 -4"><span class='ocrx_word' id='word_1_130' title='bbox 255 2369 335 2421; x_wconf 88' lang='lat' dir='ltr'>Cl.</span> <span class='ocrx_word' id='word_1_131' title='bbox 383 2384 455 2420; x_wconf 82' lang='lat' dir='ltr'>AB</span> <span class='ocrx_word' id='word_1_132' title='bbox 508 2367 750 2421; x_wconf 77' lang='lat' dir='ltr'>OLFERS</span> <span class='ocrx_word' id='word_1_133' title='bbox 806 2368 914 2421; x_wconf 91' lang='lat' dir='ltr'>hoc</span> <span class='ocrx_word' id='word_1_134' title='bbox 963 2369 1217 2421; x_wconf 86' lang='lat' dir='ltr'>Distoma</span> <span class='ocrx_word' id='word_1_135' title='bbox 1275 2369 1479 2422; x_wconf 79' lang='lat' dir='ltr'>detexit</span> <span class='ocrx_word' id='word_1_136' title='bbox 1537 2381 1589 2423; x_wconf 81' lang='lat' dir='ltr'>et</span> <span class='ocrx_word' id='word_1_137' title='bbox 1632 2375 1693 2424; x_wconf 90' lang='lat' dir='ltr'>in</span> 
     </span>
     <span class='ocr_line' id='line_1_22' title="bbox 114 2453 1690 2538; baseline 0.001 -18"><span class='ocrx_word' id='word_1_138' title='bbox 114 2453 529 2520; x_wconf 71' lang='lat' dir='ltr'>Commentario</span> <span class='ocrx_word' id='word_1_139' title='bbox 578 2486 674 2518; x_wconf 90' lang='lat' dir='ltr'>suo</span> <span class='ocrx_word' id='word_1_140' title='bbox 727 2470 942 2538; x_wconf 84' lang='lat' dir='ltr'>egregio</span> <span class='ocrx_word' id='word_1_141' title='bbox 993 2467 1059 2519; x_wconf 90' lang='lat' dir='ltr'>de</span> <span class='ocrx_word' id='word_1_142' title='bbox 1108 2477 1278 2538; x_wconf 80' lang='lat' dir='ltr'>veget.</span> <span class='ocrx_word' id='word_1_143' title='bbox 1343 2478 1394 2520; x_wconf 79' lang='lat' dir='ltr'>et</span> <span class='ocrx_word' id='word_1_144' title='bbox 1441 2473 1690 2523; x_wconf 74' lang='lat' dir='ltr'>animatis</span> 
     </span>
     <span class='ocr_line' id='line_1_23' title="bbox 113 2566 1692 2639; baseline 0.003 -21"><span class='ocrx_word' id='word_1_145' title='bbox 113 2566 433 2639; x_wconf 86' lang='lat' dir='ltr'>corporibus</span> <span class='ocrx_word' id='word_1_146' title='bbox 478 2569 538 2618; x_wconf 90' lang='lat' dir='ltr'>in</span> <span class='ocrx_word' id='word_1_147' title='bbox 601 2585 749 2638; x_wconf 84' lang='lat' dir='ltr'>corp.</span> <span class='ocrx_word' id='word_1_148' title='bbox 800 2570 963 2618; x_wconf 87' lang='lat' dir='ltr'>anim.</span> <span class='ocrx_word' id='word_1_149' title='bbox 1014 2567 1355 2639; x_wconf 82' lang='lat' dir='ltr'>reperiundis</span> <span class='ocrx_word' id='word_1_150' title='bbox 1400 2588 1452 2639; x_wconf 85' lang='lat' dir='ltr'>p.</span> <span class='ocrx_word' id='word_1_151' title='bbox 1499 2571 1587 2627; x_wconf 77' lang='grc'>44.</span> <span class='ocrx_word' id='word_1_152' title='bbox 1640 2581 1692 2622; x_wconf 80' lang='lat' dir='ltr'>et</span> 
     </span>
     <span class='ocr_line' id='line_1_24' title="bbox 113 2664 1694 2740; baseline 0.004 -25"><span class='ocrx_word' id='word_1_153' title='bbox 113 2670 234 2723; x_wconf 89' lang='lat'>110.</span> <span class='ocrx_word' id='word_1_154' title='bbox 272 2664 398 2738; x_wconf 88' lang='lat' dir='ltr'>(hic</span> <span class='ocrx_word' id='word_1_155' title='bbox 436 2664 533 2716; x_wconf 89' lang='lat' dir='ltr'>sub</span> <span class='ocrx_word' id='word_1_156' title='bbox 570 2669 822 2717; x_wconf 87' lang='lat' dir='ltr'>nomine:</span> <span class='ocrx_word' id='word_1_157' title='bbox 871 2665 1152 2719; x_wconf 77' lang='lat' dir='ltr'>Discoma</span> <span class='ocrx_word' id='word_1_158' title='bbox 1187 2667 1478 2740; x_wconf 71' lang='lat' dir='ltr'>Etnbtyo)</span> <span class='ocrx_word' id='word_1_159' title='bbox 1516 2668 1694 2721; x_wconf 87' lang='lat' dir='ltr'>brevi-</span> 
     </span>
     <span class='ocr_line' id='line_1_25' title="bbox 109 2762 1691 2835; baseline 0.002 -20"><span class='ocrx_word' id='word_1_160' title='bbox 109 2763 208 2816; x_wconf 90' lang='lat' dir='ltr'>bus</span> <span class='ocrx_word' id='word_1_161' title='bbox 255 2762 432 2817; x_wconf 87' lang='lat' dir='ltr'>verbis</span> <span class='ocrx_word' id='word_1_162' title='bbox 479 2763 758 2835; x_wconf 81' lang='lat' dir='ltr'>descripsit</span> <span class='ocrx_word' id='word_1_163' title='bbox 808 2774 859 2816; x_wconf 83' lang='lat' dir='ltr'>et</span> <span class='ocrx_word' id='word_1_164' title='bbox 904 2762 1013 2835; x_wconf 77' lang='lat' dir='ltr'>Fig.</span> <span class='ocrx_word' id='word_1_165' title='bbox 1064 2767 1147 2824; x_wconf 83' lang='lat'>16.</span> <span class='ocrx_word' id='word_1_166' title='bbox 1206 2765 1504 2820; x_wconf 83' lang='lat' dir='ltr'>delineavit.</span> <span class='ocrx_word' id='word_1_167' title='bbox 1601 2765 1691 2819; x_wconf 82' lang='lat' dir='ltr'>Ab</span> 
     </span>
     <span class='ocr_line' id='line_1_26' title="bbox 112 2860 1690 2935; baseline 0.004 -22"><span class='ocrx_word' id='word_1_168' title='bbox 112 2862 182 2915; x_wconf 82' lang='lat' dir='ltr'>ill.</span> <span class='ocrx_word' id='word_1_169' title='bbox 208 2863 522 2915; x_wconf 74' lang='lat' dir='ltr'>RUDOLPHI</span> <span class='ocrx_word' id='word_1_170' title='bbox 558 2864 616 2913; x_wconf 92' lang='lat' dir='ltr'>in</span> <span class='ocrx_word' id='word_1_171' title='bbox 642 2860 881 2935; x_wconf 83' lang='lat' dir='ltr'>Synopsi</span> <span class='ocrx_word' id='word_1_172' title='bbox 920 2874 1412 2917; x_wconf 81' lang='lat' dir='ltr'>commemoratum</span> <span class='ocrx_word' id='word_1_173' title='bbox 1448 2885 1563 2918; x_wconf 89' lang='lat' dir='ltr'>non</span> <span class='ocrx_word' id='word_1_174' title='bbox 1598 2877 1690 2922; x_wconf 86' lang='lat' dir='ltr'>est.</span> 
     </span>
    </p>

    <p class='ocr_par' dir='ltr' id='par_1_7' title="bbox 109 2960 1694 3117">
     <span class='ocr_line' id='line_1_27' title="bbox 251 2960 1694 3034; baseline 0.002 -22"><span class='ocrx_word' id='word_1_175' title='bbox 251 2960 413 3013; x_wconf 86' lang='lat' dir='ltr'>Hab.</span> <span class='ocrx_word' id='word_1_176' title='bbox 486 2962 695 3013; x_wconf 83' lang='lat' dir='ltr'>Auctor</span> <span class='ocrx_word' id='word_1_177' title='bbox 729 2966 911 3034; x_wconf 87' lang='lat' dir='ltr'>primo</span> <span class='ocrx_word' id='word_1_178' title='bbox 948 2962 1190 3016; x_wconf 82' lang='lat' dir='ltr'>laudatus</span> <span class='ocrx_word' id='word_1_179' title='bbox 1239 2982 1484 3019; x_wconf 85' lang='lat' dir='ltr'>vermem</span> <span class='ocrx_word' id='word_1_180' title='bbox 1531 2983 1694 3034; x_wconf 80' lang='lat' dir='ltr'>repe-</span> 
     </span>
     <span class='ocr_line' id='line_1_28' title="bbox 109 3058 1690 3117; baseline 0.006 -10"><span class='ocrx_word' id='word_1_181' title='bbox 109 3060 180 3109; x_wconf 79' lang='lat' dir='ltr'>rit</span> <span class='ocrx_word' id='word_1_182' title='bbox 215 3058 354 3112; x_wconf 83' lang='lat' dir='ltr'>Julio</span> <span class='ocrx_word' id='word_1_183' title='bbox 402 3077 592 3113; x_wconf 85' lang='lat' dir='ltr'>mense</span> <span class='ocrx_word' id='word_1_184' title='bbox 627 3061 859 3116; x_wconf 85' lang='lat' dir='ltr'>vesicula</span> <span class='ocrx_word' id='word_1_185' title='bbox 900 3061 1168 3116; x_wconf 87' lang='lat' dir='ltr'>inclusum</span> <span class='ocrx_word' id='word_1_186' title='bbox 1208 3074 1258 3115; x_wconf 84' lang='lat' dir='ltr'>et</span> <span class='ocrx_word' id='word_1_187' title='bbox 1295 3064 1518 3117; x_wconf 71' lang='lat' dir='ltr'>Parcae</span> <span class='ocrx_word' id='word_1_188' title='bbox 1553 3065 1690 3116; x_wconf 79' lang='lat' dir='ltr'>vul-</span> 
     </span>
    </p>
   </div>
  </div>
 </body>
</html>
