2090 3568
949 170 1414 232 444*—

389 339 619 390 servatio
674 351 835 408 supra
881 344 1186 388 memorata
1234 337 1359 407 pori
1409 332 1632 387 secundi
1686 336 1746 385 in
1801 331 1973 385 fundo

387 440 664 507 utriusque
684 434 858 487 docet.
929 435 1120 489 Illustr.
1143 433 1458 487 RUDOLPHI
1479 443 1662 486 autem
1680 432 1810 485 illud
1827 429 1973 484 Am-

384 535 724 609 phistomatis
783 533 1103 600 subclavati,
1163 552 1193 585 e
1251 551 1358 605 quo
1421 533 1714 586 ZEDERUM
1757 531 1972 603 prolem

384 639 566 690 vivam
624 636 1041 704 provenientem
1096 632 1293 684 vidisse
1350 632 1629 684 contendit
1695 630 1971 704 (SynOPS.

348 740 436 806 ζ).
473 733 623 806 359.)
660 742 818 787 vocat
862 733 1253 803 posteriorem,
1298 713 1541 802 urnigeri
1587 740 1775 783 contra
1820 738 1974 782 ante—

383 838 604 887 riorem.
680 830 844 896 Quod
871 829 938 881 ad
961 847 1053 881 me
1078 833 1279 895 attinet,
1319 829 1418 881 alia
1448 828 1768 894 observatiO,
1807 814 1973 900 quam

386 942 583 985 aestate
632 934 761 982 anni
807 931 1086 1000 praeteriti
1130 932 1190 980 in
1235 926 1444 999 Amph.
1494 928 1802 983 subclavato
1851 927 1997 989 feci,>

383 1051 474 1084 me
512 1033 757 1093 convicit,
793 1046 996 1099 porum
1020 1026 1177 1095 hujus
1214 1018 1481 1095 majorem
1521 1032 1685 1084 etiam
1724 1045 1838 1080 esse
1876 1045 1974 1079 an-

382 1134 658 1184 teriorem.
734 1126 1015 1198 Conspexi
1051 1130 1317 1180 nimirum
1352 1125 1442 1180 hic
1469 1128 1714 1180 canalem
1741 1128 1971 1179 alimen-

382 1233 583 1282 tarium
632 1226 827 1280 eodem
864 1226 1034 1279 modo
1070 1236 1326 1299 paratum
1363 1246 1425 1279 ac
1463 1231 1522 1278 in
1557 1226 1970 1292 DistomatibUS,

381 1333 634 1400 utrinque
673 1330 819 1379 enim
859 1325 1309 1391 descendentem,
1348 1329 1531 1379 antice¹
1569 1344 1699 1378 arcu
1745 1325 1974 1394 conjun—

383 1438 559 1493 ctum,
624 1430 833 1499 postice
900 1430 1151 1496 utrinque
1207 1443 1373 1478 coeco
1433 1425 1544 1478 fine
1603 1429 1972 1478 terminatum.

381 1526 560 1580 Arcus
609 1526 783 1580 dictus
833 1536 1016 1577 autem
1066 1543 1181 1576 non
1221 1534 1335 1577 erat
1369 1524 1511 1577 infra
1547 1544 1749 1597 porum
1789 1508 1973 1576 mino-

379 1647 517 1693 rem,
556 1626 651 1678 sed
696 1643 835 1676 mox
879 1622 1023 1675 infra
1068 1626 1338 1693 majorem
1386 1635 1437 1677 et
1483 1624 1606 1676 finis
1654 1628 1805 1678 coeci
1851 1632 1972 1675 ante

381 1746 581 1798 porum
600 1728 892 1776 minorem.
916 1721 1489 1776 Communicationem
1510 1742 1664 1776 arcus
1686 1743 1812 1775 cum
1826 1742 1967 1795 poro

380 1844 583 1896 magno
624 1822 848 1896 quidem
890 1840 1007 1874 non
1042 1821 1179 1886 vidi,
1225 1822 1321 1873 sed
1374 1823 1606 1874 eandem
1654 1827 1818 1875 etiam
1853 1841 1970 1874 non

382 1943 599 1996 semper
635 1941 762 1974 cum
785 1941 925 1994 poro
952 1924 1129 1972 antico
1160 1918 1531 1974 Distomatum
1559 1925 1866 1987 minorum,
1909 1925 1969 1973 in

382 2042 619 2097 quorum
646 2019 1016 2090 compluribus
1040 2028 1225 2071 tamen
1250 2029 1425 2072 totum
1448 2020 1719 2092 reliquum
1742 2039 1834 2074 vas
1873 2021 1995 2073 ali--

384 2125 715 2175 mentarium
747 2117 1493 2189 distinctissime,prolucebat
1523 2128 1575 2170 et
1605 2137 1770 2189 quam
1800 2136 1828 2169 e
1863 2119 1968 2170 Di-

386 2230 616 2274 stomate
640 2218 891 2288 hepatico
917 2201 1009 2266 uti<
1034 2233 1104 2266 ex
1128 2214 1567 2285 Amphistomate
1604 2216 1967 2291 subtriquetro

387 2321 668 2389 descripsit
715 2326 765 2367 et
816 2315 1100 2367 delineavit
1149 2316 1244 2367 cel.
1294 2316 1654 2388 BOJANUS*)‚
1742 2315 1967 2368 Credita

386 2429 566 2473 autem
623 2433 752 2468 sanc
809 2413 1023 2466 difficile
1073 2424 1236 2480 esset,
1289 2419 1348 2465 in
1402 2413 1605 2487 Amph.
1663 2414 1965 2468 subclavato

388 2527 712 2570 structuram
761 2514 888 2565 huic
945 2513 1105 2583 plane
1163 2518 1493 2566 contrariam
1551 2514 1764 2578 adesse,
1821 2496 1967 2584 quod

389 2635 553 2670 nemo
591 2624 737 2666 certo
778 2612 1080 2663 contendet.
1128 2642 1200 2652 ——-
1249 2612 1327 2665 Cl.
1368 2614 1600 2665 ZEDERI
1638 2611 1968 2664 observatio-

389 2735 517 2768 nem
564 2731 726 2784 supra
771 2711 1048 2782 allegatam
1096 2710 1162 2762 de
1206 2720 1365 2782 partu
1422 2690 1633 2762 horum*
1677 2712 1964 2775 vermium,

391 2833 498 2890 qua
543 2817 727 2864 nititur
772 2809 842 2862 iil.
890 2809 1229 2877 RUDOLPHl,
1277 2809 1407 2861 dum
1453 2826 1653 2879 porum
1698 2804 1965 2876 majorem

505 3048 542 3103 *)
583 3046 940 3088 Enthehninthica
978 3063 1021 3090 v.
1061 3047 1141 3091 Dr.
1178 3047 1230 3090 L.
1271 3046 1464 3087 BOJANUS
1506 3044 1630 3090 1820.
1669 3043 1826 3085 Deobr.
1863 3041 1964 3087 Vid.

397 3129 483 3168 [εὶε.ἱ
512 3125 637 3171 1821.
669 3125 787 3171 Ἑῖιεῦ..
821 3125 873 3167 ΙΙ.
904 3141 944 3180 Ρ.
976 3124 1072 3170 162.
1102 3138 1168 3180 sq·
