2090 3568
972 206 1439 267 ...84-

710 450 1183 503 Vermes
1269 447 1702 506 cordis.
1783 492 1787 493 ff

554 592 620 648 In
653 594 850 648 Museo
887 596 1199 647 zootomico
1242 594 1532 667 Gryphico
1570 606 1854 652 servantur
1878 597 2006 654 Ne-

346 715 355 721 *
417 695 720 749 macoidea
758 695 893 761 duo,
929 711 1035 766 qua
1072 692 1137 746 cl.
1173 694 1449 749 BARKOW
1485 705 1610 750 ante
1657 697 1861 770 aliquot
1906 717 2006 751 an-

415 777 517 846 nos
553 798 612 846 in
647 793 889 848 Ardeae
927 796 1196 847 cinereae
1241 794 1543 848 ventriculo
1581 797 1760 851 cordis
1808 797 2004 849 dextro

416 897 637 953 invenit,
736 894 827 947 De
873 888 1031 963 hujus
1077 891 1207 946 faeti
1253 897 1478 948 veritate
1523 893 1632 949 Vir
1681 895 2006 948 clarissimus

416 995 475 1044 in
519 993 686 1046 literis
744 1009 837 1046 me
884 994 1174 1047 certiorem
1218 991 1371 1061 fecih,
1425 1004 1485 1046 ut
1533 991 1600 1047 de
1648 1011 1713 1048 ea
1761 992 2004 1048 dubitare

417 1108 534 1145 non
576 1091 761 1160 liceat,
808 1108 1024 1169 vermes
1060 1102 1249 1170 autem
1278 1109 1409 1148 vera
1442 1091 1695 1148 Entozoa
1733 1111 1848 1147 esse
1884 1103 2010 1167 post

421 1205 614 1245 eorum
654 1208 890 1246 examen
924 1197 1105 1246 testari
1143 1211 1371 1263 possum
1406 1195 1540 1265 ipse.
1613 1190 1871 1246 Alterum
1907 1190 2011 1245 ho-

419 1304 546 1342 rum
580 1289 962 1371 En'rozoorum
999 1298 1079 1343 est
1113 1299 1354 1362 ruptum,
1390 1299 1450 1342 ut
1483 1294 1736 1344 intestina
1763 1308 2009 1366 propen-

422 1388 612 1456 deant,
643 1385 907 1458 ‘alterum·
930 1391 1233 1463 integrum‚
1286 1385 1396 1443 hoc
1444 1387 1583 1445 ultra
1626 1391 2012 1445 novemdecim

419 1486 589 1544 lineas
624 1489 880 1563 longum,
926 1489 1052 1542 satis
1098 1497 1291 1557 tenue,
1336 1491 1617 1562 utrinque,
1663 1489 1733 1543 ad
1778 1488 2010 1543 caudam

423 1599 606 1644 autem
639 1591 813 1662 magis
850 1596 1210 1658 attenuatum,
1247 1587 1854 1663 capice'obtusissimO,
1893 1591 2010 1641 oris

423 1691 642 1742 minimi
663 1690 1026 1762 prominentis
1053 1696 1306 1762 apertura
1329 1705 1445 1741 non
1473 1690 1784 1761 conspicua,
1810 1686 2008 1741 cauda

427 1783 633 1842 obtusa.
722 1787 952 1842 Ovarz‘a
999 1788 1313 1861 speciminis
1358 1788 1506 1861 rupti
1552 1790 1834 1840 continent
1889 1805 2010 1839 ova

426 1883 597 1942 multa
631 1883 787 1943 valde
820 1904 1010 1961 parva.
1078 1883 1245 1942 Plura
1280 1889 1546 1941 extricare
1580 1902 1697 1940 non
1731 1884 1894 1940 licuit.
