2090 3568
937 203 1398 265 -16‘—-=

383 371 445 424 In
493 365 710 422 feminis
758 352 1005 422 ovorum
1054 363 1330 431 alborum,
1380 363 1770 437 ellipticorum,
1815 365 1969 417 roris'

380 478 561 542 guttae
609 471 775 522 instar
818 464 1389 540 pellucidissimorum,
1424 461 1752 517 incredibilis
1802 467 1956 536 copia

380 577 556 622 totum
601 564 716 621 fere
763 584 987 639 corPUS,
1021 572 1177 636 parte
1214 565 1473 617 anteriori
1521 574 1574 616 et
1611 562 1813 617 caudae
1846 562 1959 616 fine

382 670 637 740 exceptiS,
673 665 860 738 replet.
939 663 1198 717 Vulvam
1231 679 1348 716 non
1395 667 1670 733 conspexi.
1741 661 1806 716 In
1840 680 1961 718 ma·-

378 766 527 821 ribus
562 774 742 837 partes
778 761 1036 836 genitales
1070 766 1316 815 internae
1364 770 1488 814 sunt
1534 761 1887 818 indistinctae.

523 862 673 918 obs.
713 868 761 922 1.
858 861 1083 916 Vermis
1131 878 1264 914 sane
1321 864 1568 914 maxime
1626 861 1962 932 singulariUS‚

380 968 472 1039 qui
508 967 591 1017 sui
627 963 862 1016 similem
897 965 1057 1014 unice
1091 964 1151 1014 in
1188 960 1522 1033 Spiroptera‘
1550 977 1712 1032 supra
1747 978 1961 1033 memo-

377 1072 494 1123 rata
553 1062 620 1116 ab
675 1062 747 1115 ill.
794 1062 1109 1115 RUDOLPHI
1161 1064 1222 1113 in
1276 1057 1587 1130 oesophago
1649 1057 1982 1132 Scolopacis*

382 1161 685 1215 Gallinulae
719 1170 936 1234 reperta
981 1150 1202 1214 invenit.
1286 1157 1537 1211 Eandem
1570 1161 1822 1230 'speciem
1867 1176 1963 1210 au-

379 1270 491 1316 tem
515 1278 631 1314 non
658 1278 788 1328 esse,
827 1260 1117 1332 descriptio
1158 1262 1261 1313 viri
1287 1260 1480 1329 optimi
1507 1275 1634 1308 cum
1658 1274 1787 1310 mea
1811 1275 1963 1310 com-

378 1370 567 1433 parata
601 1361 756 1414 facile
804 1364 1016 1414 evincit.
1101 1358 1314 1430 Corpus
1362 1360 1511 1409 enim
1555 1354 1887 1407 feminarum
1933 1374 1964 1409 a

378 1460 732 1513 RUDOLPHIO
814 1463 1156 1513 inventarum
1229 1466 1540 1509 antrorsum
1611 1455 1771 1526 plane
1844 1473 1961 1507 non

384 1557 516 1630 (Fig.
555 1559 656 1631 8.),
703 1568 792 1610 aut
827 1568 1125 1631 perparum
1163 1565 1492 1608 attenuatum
1540 1553 1672 1626 (Fig.
1718 1554 1823 1625 9.),
1869 1571 1959 1605 re-

381 1667 621 1715 trorsum
657 1661 848 1728 poiius‘
872 1676 904 1709 a
943 1656 1080 1708 collo
1118 1658 1320 1707 sensim
1358 1654 1674 1706 decrescens
1711 1652 1844 1725 (Fig,
1869 1653 1961 1724 8.),

385 1756 555 1809 cauda
606 1766 783 1821 acuta,
820 1756 1134 1806 aculeorum
1180 1757 1343 1805 series
1379 1753 1520 1805 ultra
1556 1752 1803 1805 medium
1840 1770 1965 1803 cor-

381 1874 481 1927 pus
528 1858 623 1909 vix
671 1853 1115 1918 desce11denteS‚.
1144 1854 1328 1904 omnia
1373 1849 1510 1902 haec
1557 1861 1610 1901 et
1655 1851 1781 1916 alia,
1828 1867 2002 1920 quae

383 1963 563 2007 tacere
598 1971 692 2006 me
726 1953 898 2018 liceat,
936 1970 968 2003 a
1002 1949 1219 2028 feminis
1263 1953 1463 2020 speciei
1498 1958 1718 2001 nostrae
1742 1949 1966 2002 diversi-

381 2059 551 2106 tat-em
586 2056 709 2105 satis
747 2060 989 2123 arguunt.
1025 2081 1098 2090 -—
1136 2047 1237 2100 Cui
1273 2046 1539 2099 functioni
1577 2055 1757 2097 autem
1793 2051 1967 2099 inser-

389 2155 542 2206 viunt
578 2170 701 2205 vasa
735 2151 825 2203 illa
862 2151 1014 2222 (nam
1060 2166 1186 2201 vasa
1233 2149 1459 2200 omnino
1511 2163 1627 2196 esse
1675 2145 1964 2217 videntur),

388 2269 527 2325 quae
566 2258 724 2322 caput
757 2254 1049 2320 utriusque,
1084 2257 1197 2299 tam
1231 2249 1375 2297 miro
1415 2253 1467 2295 et
1499 2247 1557 2295 111
1592 2254 1818 2316 utraque
1845 2263 1968 2315 spe-

388 2355 470 2403 cie
530 2350 761 2421 aequali,
820 2348 986 2401 :modo
1045 2345 1300 2416 disposita
1358 2341 1708 2414 pei-reptant?
1763 2343 1967 2396 Utrum

388 2449 785 2514 assimilationi,
846 2455 935 2500 aut
983 2464 1227 2516 organon
1270 2444 1459 2499 forsan
1507 2444 1695 2494 sistunt
1729 2447 1965 2514 respira-

387 2546 588 2600 tionis?

515 2644 666 2701 Obs,
705 2650 755 2701 2.
803 2642 1001 2717 Aquae
1047 2639 1273 2710 frigidae
1308 2642 1585 2692 immissae
1611 2640 1772 2693 debili
1795 2642 1961 2694 modo

389 2745 494 2798 hae
530 2743 877 2816 Spiropterae
915 2759 972 2793 se
1008 2738 1328 2803 movebant,
1376 2738 1520 2809 quod
1555 2742 1615 2791 in
1651 2744 1963 2811 specimini-

390 2843 490 2897 bus
525 2840 799 2896 nonnullis
838 2841 1006 2897 altero
1046 2839 1133 2893 die
1169 2837 1345 2894 adhuc
1382 2838 1505 2894 vidi.
1969 2825 1972 2827 Δ

1715 3236 1963 3292 Ascuris.
