2090 3568
698 200 1166 293 -21·-ι

142 362 392 434 parvulae
430 362 847 431 conspiciuntur,
887 371 939 413 et
975 361 1200 414 demum
1235 381 1359 430 una,
1396 389 1501 438 qua
1538 369 1711 424 Asca..

139 467 211 513 ris
262 461 443 532 dispar
486 458 647 529 plane
698 467 865 525 caret,
915 459 1097 512 medio
1135 465 1276 513 inter
1315 473 1485 515 costas
1522 466 1711 522 finales

141 570 191 613 et
214 559 428 611 ultimas
455 560 805 623 anteriorum,
843 575 998 628 quae,
1037 562 1159 610 satis
1195 558 1380 626 fortiS,
1418 561 1531 613 alae
1567 546 1713 620 mafi-

138 662 321 730 ginem
376 660 577 710 iterum
639 660 861 727 attingit.
969 655 1261 728 Conspicio
1321 670 1601 730 praeterea
1655 667 1710 715 in

138 759 435 828 specimine
491 758 894 821 recentissimO,
954 757 1099 826 quod
1154 757 1292 822 justo
1352 767 1601 828 tempore
1649 763 1714 812 ad

141 875 331 908 manus
381 864 484 920 est,
534 863 639 905 tres
687 862 859 905 costas
906 853 1145 906 adlatus
1182 855 1371 907 noduli
1406 867 1713 928 utrumque,

138 973 367 1026 quarum
422 955 632 1023 primae
680 955 975 1003 anteriores
1025 953 1282 1023 angulum
1328 964 1539 1007 rectum
1586 974 1712 1009 cum

139 1053 303 1105 cauda
348 1050 577 1115 faciunt,
624 1053 780 1102 tertia
825 1050 1107 1122 paululum
1163 1056 1465 1123 posteriora
1525 1072 1711 1107 versus

134 1158 351 1221 spectat.
442 1148 628 1200 Media
682 1153 990 1219 marginem
1039 1149 1152 1202 alae
1202 1154 1436 1222 attingit,
1483 1156 1712 1206 minime

132 1251 423 1318 posterior,
471 1266 574 1299 nee
612 1251 877 1314 anterior,
928 1267 1067 1322 quae
1103 1250 1321 1321 reliquis
1360 1249 1579 1304 brevior
1618 1263 1709 1305 est.

130 1344 337 1412 Feriis,
386 1350 700 1419 saepissime
748 1348 982 1419 simplex
1030 1352 1199 1413 visu3‚
1245 1366 1307 1399 re
1354 1366 1482 1401 vera
1528 1362 1707 1404 autem

131 1445 354 1518 duplex,
404 1449 545 1498 inter
591 1456 822 1517 quatuor
870 1457 1138 1499 costarum
1185 1452 1364 1520 primo
1401 1453 1709 1503 nominata-

128 1564 251 1597 rum
300 1549 596 1598 anteriores
648 1549 901 1616 emergit,
950 1565 1056 1617 quo
1106 1547 1227 1598 loco
1273 1548 1473 1600 caudae
1510 1566 1707 1620 perpa-

129 1663 252 1697 rum
289 1654 442 1696 aucta
480 1648 742 1697 crassities
781 1644 1111 1702 observatur,
1195 1646 1438 1699 Cazcdae
1475 1666 1708 1700 acumen

130 1753 206 1797 est
240 1740 347 1809 hic,
385 1748 462 1795 uti
499 1747 556 1795 in
593 1740 721 1795 Asc.
763 1744 994 1815 dispare⁷
1033 1744 1126 1795 sed
1174 1745 1401 1815 longius
1492 1747 1701 1799 Gauda

114 1845 385 1914 feminae
423 1851 601 1893 autem
640 1851 717 1892 est
756 1839 1011 1893 subulam.
