2090 3568
892 179 1356 239 *12—

340 346 521 411 lineaS,
555 341 832 414 longitudo
867 341 1197 396 feminarum
1236 343 1445 393 circiter
1482 342 1717 413 quinque
1743 339 1910 395 lineas

340 453 545 516 aequat.
595 438 804 496 'Color
848 440 1011 494 albus,

484 544 708 615 Corpus
744 541 967 606 nudum,
1004 549 1313 592 antrorsum
1337 546 1682 604 attenuatum,
1704 546 1909 590 retror-

338 656 461 696 sum
495 647 675 694 minus
716 650 765 692 et
800 638 915 691 fere
950 638 1246 690 insensibili
1281 637 1463 689 modo.
1549 638 1774 709 Capitis
1812 635 1910 689 ob-

337 746 441 795 tusi
498 761 559 792 os
612 740 822 810 papillis
884 737 1156 789 nonnullis
1219 737 1453 790 obsitum
1512 753 1627 787 esse
1682 737 1907 790 videtur.

338 841 599 893 Marium
651 837 844 890 cauda
889 841 948 888 in
994 840 1198 908 spiram
1245 835 1516 907 duplicem
1562 834 1811 887 devoluta
1856 844 1908 886 et

341 939 544 992 duabus
583 936 675 990 alis
713 936 997 988 latiusculis
1035 943 1113 987 est
1151 944 1353 987 ornata.
1395 932 1605 986 Gauda
1632 933 1906 1006 femina-

335 1058 464 1091 rum
501 1045 785 1099 attenuata,
823 1037 944 1086 satis
983 1044 1150 1100 acuta,
1187 1034 1301 1086 fere
1347 1043 1496 1086 reeta
1543 1042 1596 1085 et
1633 1033 1903 1104 depressa.

302 1139 546 1190 ‚Partes
581 1139 843 1187 internas
880 1133 948 1185 ob
987 1137 1272 1200 vermium,
1316 1134 1425 1201 jam
1460 1150 1562 1205 per
1599 1141 1812 1204 tempus
1848 1135 1907 1184 in

333 1240 526 1309 spiritu
560 1238 673 1289 vini
709 1242 1064 1302 servatorum,
1102 1237 1422 1309 opacitatem
1448 1231 1755 1286 discernere
1788 1249 1906 1283 non

333 1340 504 1408 potui.

477 1434 630 1488 Obs.
711 1435 1059 1508 Spiropterae
1092 1434 1424 1507 leptopterae
1460 1431 1525 1484 R.
1571 1441 1756 1486 nostra
1790 1440 1903 1485 tam
1931 1448 1933 1452 ⁴

328 1533 508 1587 affinis
547 1543 640 1599 est,
675 1543 749 1600 ut,
786 1538 890 1585 nisi
939 1534 1052 1586 alae
1101 1534 1301 1586 caudae
1347 1531 1615 1585 masculae
1661 1531 1903 1584 diversae

335 1643 526 1699 essent,
563 1652 667 1705 pro
704 1636 884 1705 specie
920 1651 1030 1684 una
1068 1633 1363 1704 eademque
1399 1630 1743 1683 haberentur.
1824 1628 1903 1683 Ita

333 1743 515 1786 autem
549 1732 686 1784 haec
722 1732 969 1785 medium
1004 1735 1144 1783 inter
1191 1731 1551 1802 leptopteram
1601 1739 1653 1782 et
1700 1747 1904 1801 euryo-

330 1828 764 1904 pteranslocum
801 1828 1077 1895 obtinebit,
1115 1845 1221 1900 qua
1259 1845 1328 1881 ex
1365 1847 1524 1882 causa
1559 1847 1765 1882 nomen
1809 1846 1899 1881 su-

327 1950 430 2003 pra
465 1931 767 1982 indicatum
805 1932 854 1980 ei
889 1927 1066 1980 tribui;

415 2070 470 2124 3.
515 2061 951 2141 Spiroptera
1003 2075 1337 2117 truncata
1378 2058 1540 2117 mihi.

470 2182 563 2256 Sp.
603 2185 774 2253 capite
809 2187 1055 2232 truncato
1091 2178 1372 2251 papilloso,
1410 2178 1575 2231 cauda
1611 2181 1775 2231 maris
1811 2196 1900 2232 re·-

326 2283 473 2337 flexa
509 2283 613 2334 late
652 2281 801 2346 alata,
837 2279 1073 2332 feminae
1110 2276 1409 2330 subinflexa
1448 2277 1649 2331 obtusa.

314 2467 317 2469 Α
469 2400 631 2455 Hah.
703 2399 848 2452 Inter
884 2402 1090 2451 tunicas
1126 2398 1405 2451 ventriculi
1459 2398 1701 2471 Upupae
1738 2400 1899 2471 Epo-

326 2506 416 2575 pis
454 2501 503 2553 d.
541 2503 627 2558 27.
665 2499 798 2571 Apr.
840 2507 890 2550 et
926 2503 1013 2556 23.
1052 2497 1185 2565 Maji
1237 2495 1388 2556 1824.
1435 2496 1577 2550 hanc
1615 2497 1896 2571 Spiropte-

324 2617 448 2653 ram
492 2603 687 2669 reperi.

469 2719 696 2770 Descr.
777 2718 961 2770 Mares
1007 2727 1113 2770 tres
1157 2716 1323 2769 lineas
1370 2720 1605 2783 circiter,
1659 2715 1894 2769 feminae

329 2819 397 2873 ad
433 2828 642 2891 septem
675 2817 840 2870 lineas
876 2817 1041 2887 longi,
1079 2825 1280 2872 tenues,
1361 2816 1544 2869 Color
1591 2813 1753 2867 albus

475 2919 700 2989 Corpus
734 2920 1004 2991 utrinque,
1042 2923 1200 2986 caput
1244 2931 1428 2968 versus
1478 2924 1659 2966 autem
1704 2917 1893 2985 magiS,

329 3036 497 3092 quam
531 3025 847 3080 retrorsum,
885 3023 1228 3068 attenuatum.
1317 3014 1541 3086 Capitis
1575 3016 1804 3066 truncati
1830 3031 1891 3081 os

329 3116 540 3171 nodulis
567 3114 886 3183 majusculiS,
923 3111 1364 3179 subexstantibUS,
1402 3112 1723 3179 rotundatis,
1760 3130 1890 3184 qua-
