2090 3568
725 151 1188 206 ...23-

298 307 608 360 Proboscz‘s
644 309 833 370 tenuiS‚
871 305 1308 379 subpyriformiS,
1348 320 1417 368 ita
1453 321 1733 388 nimirum,

158 416 216 460 ut
262 425 384 478 pars
430 407 702 477 posterior
745 408 928 458 minor
978 416 1030 458 et
1065 408 1227 477 paulo
1268 417 1494 466 crassior
1529 424 1729 472 sensim

158 514 393 558 transeat
450 506 508 555 in
566 506 897 556 anteriorem
940 503 1248 576 longiorem
1299 517 1350 559 et
1394 508 1510 562 fere
1557 517 1728 586 cylin-

156 606 375 657 dricam.
459 601 602 654 Finis
647 607 918 673 posterior
968 607 1203 657 crassitie
1247 600 1525 677 paululum
1573 629 1728 683 supe-

154 714 237 756 rat
288 702 409 754 colli
455 700 625 754 finem
672 705 1029 766 anteriorem,
1080 708 1318 756 anterior
1366 716 1444 758 est
1486 717 1730 764 truncata

153 804 238 857 vel
276 803 465 854 saltem
503 801 856 853 obtusissima.
944 803 1180 854 Collum
1218 808 1488 871 conicum,
1524 806 1728 878 probo-

154 903 284 953 scidi
341 899 674 970 longitudine
731 908 823 950 aut
886 901 1112 973 aequale
1168 911 1258 953 aut
1317 892 1509 956 eadem
1566 907 1726 976 paulo

154 1000 379 1052 brevius,
474 997 761 1049 Proboscis
809 1007 859 1048 et
909 998 1109 1050 collum
1159 1001 1475 1054 densissime
1520 1009 1728 1057 munita

152 1107 272 1150 sunt
330 1099 560 1148 uncinis
618 1094 992 1162 subtilissimis,
1054 1093 1383 1152 brevissimis
1440 1102 1532 1175 (in
1589 1104 1726 1155 collo

149 1214 304 1260 vero,
375 1213 538 1266 quam
610 1198 669 1247 in
739 1195 1082 1265 proboscide,
1145 1198 1321 1251 adhuc
1382 1200 1720 1274 minoribus).

146 1296 196 1345 A
234 1295 371 1346 collo
411 1313 616 1365 corpus
654 1297 855 1345 sensim
895 1299 1133 1348 crassitie
1175 1301 1380 1363 crescit,
1416 1302 1488 1351 ita
1524 1310 1722 1364 tamen,

145 1404 203 1446 ut
251 1395 450 1465 aliquot
493 1393 759 1446 linearum
811 1413 841 1446 a
888 1395 1026 1447 collo
1066 1399 1234 1467 spatio
1272 1396 1381 1461 jam
1418 1403 1721 1452 maximam

145 1496 482 1563 acquisiverit
516 1492 888 1558 latitudinem,
946 1503 1064 1546 tum
1112 1498 1310 1546 iterum
1358 1495 1624 1549 decrescit
1671 1509 1720 1551 et

144 1591 498 1664 cylindricam
535 1593 707 1643 induit
742 1591 998 1658 formam,
1036 1612 1200 1663 quam
1237 1612 1409 1669 usque
1448 1597 1513 1648 ad
1550 1596 1720 1649 finem

144 1691 343 1742 caudae
370 1690 615 1743 obtusam
642 1694 699 1742 in
737 1690 992 1756 mat·ibUS‚
1029 1694 1242 1764 apiculo
1277 1695 1480 1747 laterali
1518 1695 1721 1750 brevis-

142 1796 280 1842 simo
338 1800 388 1842 et
443 1790 635 1842 obtuso
690 1794 1009 1841 instructam
1079 1795 1138 1841 in
1200 1790 1442 1856 feminis,
1507 1798 1716 1846 retinet.

141 1889 383 1940 Marium
427 1907 565 1939 unus
602 1892 659 1938 in
698 1887 898 1939 caudae
934 1889 1044 1940 fine
1079 1893 1367 1941 instructus
1407 1900 1484 1942 est
1520 1896 1717 1945 vesica

142 1992 264 2039 satis
321 2006 521 2057 magna
579 1996 628 2037 et
679 1985 889 2037 formae
935 1986 1257 2056 irregularis
1354 1987 1418 2038 In
1465 1989 1715 2041 omnibu-s

76 2117 78 2119 -
137 2084 518 2156 speciminibus
569 2086 814 2153 corporis
861 2087 1098 2136 anterior
1132 2103 1256 2155 pars
1293 2094 1559 2140 attenuata
1596 2087 1716 2158 plus

137 2190 383 2237 minusve
431 2188 681 2248 incurva,
729 2186 999 2254 posterior
1049 2192 1315 2237 attenuata
1365 2195 1547 2238 autem
1594 2185 1714 2238 lon-

134 2287 352 2356 gissima
388 2301 617 2336 recurva
655 2292 747 2333 est.

281 2437 429 2492 obs.
485 2443 529 2493 1.
615 2435 1226 2507 Echinorhynchorum,
1273 2437 1463 2508 quibus
1512 2438 1710 2490 collum

138 2515 405 2589 armatum
432 2539 511 2599 sit,
536 2552 839 2606 perpaucae
864 2545 986 2586 sunt
1012 2540 1233 2607 species,
1269 2541 1345 2588 uti
1371 2536 1441 2588 ill.
1467 2534 1707 2588 RUDOL-

136 2651 235 2687 PHI
273 2646 324 2688 et
361 2636 423 2687 cl.
462 2634 817 2686 WVESTRUMB
858 2634 987 2685 duas
1041 2644 1272 2699 lantum,
1320 2634 1456 2687 Ech.
1505 2639 1707 2686 ventri-

123 2753 323 2786 ¹cosum
383 2744 435 2786 et
492 2731 797 2785 subulatum
847 2707 1195 2799 enuiner'ent,
1245 2751 1383 2807 quae
1428 2733 1530 2788 hac
1577 2743 1705 2786 nota

139 2833 546 2904 distinguuntur.

280 2972 433 3026 Obs.
473 2980 522 3032 2,
608 2973 758 3039 Huc,
805 2983 893 3026 aut
939 2973 1006 3025 ad
1052 2978 1290 3046 speciem
1334 2978 1703 3047 insequentem

142 3068 409 3124 traherem
447 3071 609 3135 illam,
648 3091 809 3143 quam
848 3073 886 3125 F
890 3089 1147 3126 ROELICH
1185 3073 1282 3126 sub
1308 3078 1531 3126 nomine
1556 3072 1721 3125 Eclz..
