2090 3568
686 152 776 215 ..’..’
876 175 1146 231 37...

120 340 177 389 in
212 333 740 408 Amphistomatibus
777 337 918 388 veris
951 333 1213 412 obvenit)
1262 343 1697 407 contractionem,

120 455 320 508 porum
368 438 606 486 anticum
652 450 845 486 verum
912 442 1093 485 autem
1150 450 1189 483 S.
1253 451 1319 484 os.
1368 453 1500 488 mox
1554 438 1691 491 infra

121 537 426 604 marginem
484 535 809 584 anteriorem
871 534 1116 602 corporis
1165 532 1326 582 antici
1374 534 1532 585 situm
1579 554 1693 588 esse

123 643 173 685 et
218 649 420 703 porum
467 635 736 701 posticum
782 630 928 682 haud
977 646 1091 689 esse
1148 631 1472 693 suctorium,
1527 635 1690 701 qualis

122 740 199 782 est
233 733 291 780 in
327 727 850 800 Amphistomatibus
887 733 1044 793 veriS,
1081 727 1172 778 sed
1209 726 1522 796 genitalem,
1571 741 1694 798 post

121 831 304 881 omnia
339 827 474 879 haec
512 826 743 891 dubium,
783 827 849 878 de
884 825 1383 897 Amphistomatum
1431 836 1483 878 et
1517 825 1693 879 Holo-

120 936 412 980 stomatum
456 926 651 992 injusta
695 925 1071 990 conjunctione
1116 924 1339 978 dubium
1383 924 1533 976 haud
1575 943 1693 977 ma-

120 1031 198 1098 gis
218 1025 354 1076 mihi
372 1031 627 1092 superest.
702 1022 891 1073 Illustr.
913 1022 1246 1075 RUDOLPHII
1267 1025 1412 1074 enim
1438 1021 1691 1076 observa-

119 1129 193 1177 tio
230 1121 396 1174 modo
435 1120 573 1172 dicta
612 1118 679 1172 de
716 1119 990 1193 Amphist.
1029 1120 1326 1193 Sphaerula
1369 1125 1531 1173 nimis
1579 1126 1690 1173 sin-

43 1276 49 1284 ,
116 1222 238 1293 gula
275 1229 402 1285 stat,
449 1237 613 1291 quam
648 1229 707 1270 ut
746 1220 853 1287 ejus
893 1220 1362 1273 confirmationem
1398 1239 1513 1273 non
1550 1221 1689 1273 desi-

118 1320 456 1383 deraremus,
507 1327 558 1369 et
605 1318 944 1385 disjunctioni
992 1322 1264 1373 vermium
1298 1329 1411 1372 tam
1449 1319 1689 1374 diverso--

114 1437 239 1471 rum
277 1415 488 1469 obstare
524 1421 730 1491 nequit.

253 1516 412 1568 Dum
454 1524 633 1567 autem
681 1517 743 1568 ci.
791 1517 1111 1570 NITZSCHAEO
1159 1528 1272 1571 toto
1319 1522 1510 1570 animo.
1546 1516 1688 1568 hanc

118 1615 372 1678 concedo,
409 1617 468 1664 in
504 1613 865 1685 descriptione
901 1621 1206 1687 specierum
1241 1619 1579 1687 sequentium
1604 1632 1689 1666 se-

117 1734 257 1789 quor
291 1714 361 1765 ill.
398 1714 809 1780 RUDOLPHIUM,
846 1719 1026 1785 primo
1073 1715 1244 1786 quod,
1293 1719 1532 1767 maxima
1569 1716 1686 1783 qui-

118 1815 242 1866 dem
295 1831 459 1883 opera
507 1812 768 1877 adhibita,
815 1831 874 1863 os
921 1830 1113 1864 verum
1148 1815 1206 1862 in
1241 1811 1324 1864 his
1360 1823 1420 1864 ut
1453 1815 1511 1861 in
1546 1808 1687 1862 Am—

119 1909 530 1983 phistomatibus
568 1929 730 1980 supra
769 1910 1017 1979 adlegatis
1056 1913 1370 1979 conspicere
1405 1925 1684 1978 nunquam

117 2013 302 2080 potui,
350 2008 585 2059 secundo
636 2010 760 2077 quia
807 2010 1048 2077 corporis
1093 2015 1315 2077 partem
1355 2010 1683 2058 anteriorem

115 2268 227 2312 Nam
268 2267 453 2308 Tabulae
495 2276 663 2307 octavae
701 2266 858 2320 Figura
898 2266 1096 2319 vigesima
1137 2267 1179 2304 in
1208 2260 1558 2319 Amphistomatis
1589 2276 1683 2301 ma-

117 2344 355 2398 crocephali
393 2343 582 2398 corporis
624 2344 758 2383 antica
787 2352 904 2395 parte
943 2356 1122 2396 expansa
1160 2355 1318 2396 porum
1347 2341 1621 2381 nutritorium
1651 2353 1682 2378 s.

119 2435 180 2472 os,
210 2419 364 2459 deinde
394 2431 508 2460 toros
539 2417 850 2468 abdominales,
888 2432 1044 2470 porum
1083 2419 1318 2458 ventralem
1357 2416 1514 2457 eodem
1551 2413 1683 2454 modo

118 2512 165 2538 ac
203 2498 247 2536 in
276 2495 583 2539 Distomatibus
624 2494 743 2534 dictis
780 2495 1049 2544 mentientes,
1079 2495 1123 2535 in
1152 2494 1310 2546 Figura
1338 2494 1541 2546 vigesima
1571 2505 1685 2530 nona

118 2588 164 2614 os
206 2587 336 2626 aeque
378 2570 645 2622 distinctum,
685 2570 760 2610 sed
796 2577 912 2610 toros
952 2570 1006 2610 ob
1046 2571 1174 2608 aliam
1213 2570 1400 2619 corporis
1429 2578 1686 2609 structuram

116 2651 252 2703 magis
293 2649 542 2697 occultatos,
579 2657 667 2686 tam
706 2648 875 2701 egregie
916 2646 1138 2695 exhibent,
1180 2655 1227 2684 ut
1262 2647 1504 2699 quicunque
1535 2642 1686 2685 viderit

117 2727 353 2767 Distomata
393 2724 665 2779 spathaceum
704 2720 745 2763 et
782 2733 1048 2774 excavatum,
1093 2735 1252 2769 ‚eorum
1299 2723 1541 2775 genericam
1588 2734 1688 2759 cum

119 2799 528 2857 Amphistomatibus
569 2800 783 2840 delineatis
823 2799 1162 2839 convenientiam
1210 2809 1440 2851 negaturus
1485 2812 1573 2838 nou
1618 2797 1681 2836 sit.

119 2880 280 2920 Porum
307 2879 519 2935 posticum
549 2877 815 2921 terminalem
855 2878 899 2916 in
927 2875 1232 2921 Distomatibus
1269 2873 1402 2916 modo
1441 2874 1687 2915 memoratis

123 2955 296 3009 quidem
325 2971 412 2996 non
444 2956 663 3009 conspexi,
693 2953 767 2994 sed
797 2957 841 2994 in
872 2954 982 2994 Dist.
1023 2953 1117 2993 alati
1149 2952 1344 2992 omnibus
1373 2951 1686 3006 speciminibuS,

126 3042 229 3085 quae
267 3031 484 3086 possideo,
526 3030 666 3082 adest,
706 3042 751 3072 ut
790 3033 985 3085 priorum
1024 3027 1272 3084 magnitudo
1314 3030 1463 3082 exigua
1503 3038 1616 3068 certo
1646 3034 1687 3064 et

126 3107 303 3160 opacitas
333 3110 521 3164 corporis
551 3109 634 3148 sint
664 3123 785 3152 causa
814 3118 978 3150 tantum
1009 3106 1296 3148 occultationis
1327 3107 1432 3159 ejus.
