2090 3568
788 249 872 265 “—
978 240 1067 280 VII
1175 249 1257 264 ⁸·-

242 393 495 453 Entozoa
556 388 619 448 in
674 385 892 448 Museis
950 386 1163 468 Regiae
1231 387 1579 454 Academiae
1649 395 1807 480 Gry-

241 518 477 600 phicae,
535 534 683 596 quae
724 536 837 597 pro
882 536 992 574 usu
1035 535 1170 574 meo
1214 515 1630 593 examinarem,
1680 543 1808 581 me·-

242 667 376 705 cum
432 639 1040 716 communicaverunt,
1105 638 1288 718 adeo,
1342 662 1491 724 quae
1546 664 1700 703 nova
1756 665 1810 705 et

242 767 642 832 memorabilia
684 766 835 826 inter
885 766 984 825 illa
1039 768 1391 850 repererim,
1447 770 1813 831 observatio-

248 897 416 957 nibus
458 893 697 974 reliquis
749 908 805 952 et
857 889 1354 977 descriptionibus
1406 896 1552 956 meis
1604 895 1814 976 adjun—

245 1020 421 1104 gendi
460 1015 922 1102 publicandique
964 1020 1195 1080 veniam
1239 1018 1550 1088 dederunt.
1635 1023 1816 1084 Prae—

246 1165 396 1207 terea
439 1143 727 1206 Virorum
771 1144 1141 1227 egregiorum
1183 1147 1281 1208 ille
1313 1149 1658 1211 eximiarum
1684 1152 1816 1213 ico-

243 1295 386 1333 num
478 1271 1015 1333 Bremserianarum
1107 1273 1454 1336 fasciculum
1538 1278 1817 1360 primum,

242 1419 508 1479 tempore
553 1396 701 1460 adeo
745 1416 1008 1477 matum,
1059 1419 1125 1460 ut
1175 1402 1271 1462 vix
1311 1404 1375 1463 in
1419 1402 1820 1484 ephemeridi-

243 1525 353 1584 bus
427 1545 518 1583 eas
592 1521 954 1585 adnuntiatas
1019 1528 1482 1609 conspexissem,
1536 1531 1822 1593 benevole

244 1651 394 1711 mihi
436 1650 780 1728 transmisit,
823 1648 925 1710 hic
969 1653 1301 1734 complures
1344 1654 1555 1735 librOS,
1599 1659 1705 1740 qui
1749 1658 1823 1719 de

249 1777 524 1837 Entozois
569 1778 782 1856 scripta
827 1778 1145 1854 continent,
1189 1781 1419 1862 aequali
1459 1783 1822 1847 benevolen-

251 1904 327 1962 tia
370 1902 519 1961 mihi
561 1901 980 1983 suppeditavit,
1035 1904 1121 1962 uti
1174 1905 1346 1964 etiam
1394 1907 1476 1966 ill.
1520 1907 1596 1970 de
1639 1910 1824 1972 Wm-

252 2048 386 2101 GEL,
430 2032 781 2107 Praeceptor
834 2024 982 2085 mihi
1037 2026 1182 2087 olim
1235 2008 1486 2093 maxime
1538 2056 1826 2097 veneran-

251 2151 380 2229 duS,
425 2169 706 2211 consueto
750 2151 949 2212 favore
992 2174 1127 2235 erga
1166 2177 1260 2214 me
1290 2179 1448 2236 usUS,
1492 2157 1675 2222 libros
1706 2163 1827 2224 huc

251 2278 602 2358 pertinentes
645 2277 1046 2339 Bibliothecae
1102 2302 1239 2340 suae
1282 2284 1432 2344 mihi
1476 2287 1828 2349 commoda-

254 2404 352 2465 vit.
426 2402 617 2463 Valde
649 2405 960 2464 obstrictus
991 2428 1122 2464 sum
1152 2430 1390 2490 quoque
1420 2412 1492 2477 cl,
1525 2412 1824 2493 BARKoW,

255 2528 584 2591 Prosectori
668 2528 912 2590 Theatri
991 2534 1303 2595 anatomici
1386 2555 1442 2597 et
1511 2541 1825 2601 zootomiei

257 2653 621 2738 gryphiensis
709 2655 1101 2736 dexterrimo,
1187 2661 1292 2742 qui
1376 2661 1451 2722 de
1532 2668 1826 2726 vermibus

257 2781 554 2840 nonnullis
597 2781 789 2842 Musei
829 2782 1090 2845 Theatro
1145 2783 1305 2848 dicto
1361 2791 1571 2850 annexi
1621 2793 1825 2853 obser-

257 2906 584 2966 vationibus
652 2908 822 2967 variis
877 2912 1074 2992 magni
1127 2914 1301 2994 pretii
1352 2937 1445 2976 me
1500 2918 1824 3000 impertitus

263 3049 362 3108 est,
407 3051 463 3093 et
506 3033 730 3114 optimo
775 3034 1138 3116 SCHILLING,
1185 3039 1591 3103 Conservatori
1634 3043 1821 3106 Musei
