2090 3568
694 172 1153 233 «ει-83*-

214 338 328 401 Ad
358 338 881 423 Amphistoma
923 343 1364 425 urnigerum.
1397 347 1553 433 (Pag.
1583 351 1706 432 41.)

268 463 329 515 In
378 462 570 534 Figura
624 466 709 523 25.
771 461 1012 516 Tabulae
1070 463 1214 518 VIII.
1271 469 1495 523 iconum
1550 491 1581 524 a
1639 474 1703 527 cl.

125 563 445 614 BREMS'ERO
484 562 751 615 editarum
783 560 1274 634 pulcherrimarum
1301 577 1584 621 contextus
1610 590 1704 625 cu-

125 665 189 713 tis
227 659 521 713 retiformis
558 661 714 728 hujus
748 661 1237 734 Amphiscomacis
1275 665 1567 720 delineatus
1606 679 1698 728 est.

209 806 321 866 Ad
373 808 712 869 Distoma
769 830 1187 871 concavum.
1253 811 1409 894 (Pag.
1453 815 1575 894 45.)

264 930 395 984 Am.
445 930 766 984 SCHILLING
815 931 864 983 d.
912 932 997 989 24.
1053 931 1260 987 Novbr.
1325 938 1480 994 1824.
1539 941 1702 991 etiam

123 1035 334 1102 copiam
382 1029 736 1100 parvulorum
782 1033 987 1085 invenit
1030 1035 1088 1085 in
1137 1038 1232 1088 int.
1288 1035 1558 1111 Colymbz‘
1603 1057 1700 1091 ru-

115 1131 431 1202 fogztlarisa

204 1274 311 1333 Ad
372 1274 727 1356 Caryoph⁴³
783 1276 1235 1341 mutabilem.
1301 1280 1459 1362 (Pag.
1504 1285 1625 1360 60.)

257 1397 321 1448 In
361 1395 465 1466 [sig.
516 1400 562 1452 1.
612 1405 663 1446 et
710 1400 758 1452 2.
809 1395 1051 1450 Tabulae
1094 1396 1193 1452 IX.
1242 1404 1466 1470 iconum
1501 1402 1697 1459 Brem-

115 1500 452 1549 serianarum
511 1499 680 1545 cirrus
741 1496 1200 1569 Caryophyllaei
1255 1499 1547 1554 delineatus
1597 1516 1691 1573 est,

116 1597 262 1649 haud
310 1614 442 1649 vero
486 1592 585 1645 sub
633 1611 701 1647 ea>
742 1591 952 1659 forma,
999 1614 1105 1668 qua
1150 1601 1266 1669 ipse
1316 1616 1442 1654 eum
1487 1602 1598 1656 vidi
1642 1612 1693 1656 et

115 1697 389 1767 descripsi.

197 1840 298 1900 Ad
358 1841 602 1901 Bothr.
654 1839 1062 1901 ditremufm.
1130 1842 1288 1926 (Pag.
1334 1844 1454 1925 65.)

257 1961 339 2015 Cl.
383 1961 745 2015 ROSENTHAL
794 1961 1165 2018 benevolentia
1212 1985 1307 2019 sua
1354 1968 1505 2021 solita
1553 1969 1691 2022 mihi

113 2064 408 2115 transmisit
472 2063 751 2131 specimen
808 2079 934 2114 cum
985 2068 1158 2136 capite
1207 2074 1258 2116 et
1302 2066 1502 2138 aliquot
1545 2066 1691 2139 frag·-

111 2170 296 2214 menta
335 2178 362 2211 e
400 2159 612 2231 Mergo
656 2157 1057 2233 Met-gamem,
1097 2162 1190 2214 ubi
1225 2168 1283 2216 in
1320 2166 1551 2218 articulis
1587 2187 1692 2239 po·-

111 2264 253 2313 sticis
289 2264 491 2312 iterum
528 2258 808 2312 observavi
841 2258 1112 2313 foramina
1146 2261 1233 2313 illa
1272 2261 1395 2317 bina
1434 2274 1486 2317 et
1520 2269 1690 2318 inter-

112 2359 245 2411 dum
297 2359 616 2411 lemniscum
681 2375 711 2409 e
767 2361 1046 2427 superiore
1107 2361 1556 2432 propendentem.
1616 2395 1690 2405 —

111 2457 173 2510 In
209 2461 303 2509 int.
334 2450 600 2529 Cogymbi
636 2453 1000 2527 rufogularis
1034 2461 1237 2527 pariter
1274 2459 1418 2513 hunc
1437 2480 1685 2518 vermem

112 2576 218 2609 am.
260 2555 582 2608 SCHlLLING
618 2552 944 2625 (Novembri
986 2556 1162 2627 1824.)
1198 2563 1414 2632 reperit.
