<?xml version="1.0" encoding="UTF-8"?>
<!DOCTYPE html PUBLIC "-//W3C//DTD XHTML 1.0 Transitional//EN"
    "http://www.w3.org/TR/xhtml1/DTD/xhtml1-transitional.dtd">
<html xmlns="http://www.w3.org/1999/xhtml" xml:lang="en" lang="en">
 <head>
  <title>
</title>
<meta http-equiv="Content-Type" content="text/html;charset=utf-8" />
  <meta name='ocr-system' content='tesseract 3.04.00' />
  <meta name='ocr-capabilities' content='ocr_page ocr_carea ocr_par ocr_line ocrx_word'/>
</head>
<body>
  <div class='ocr_page' id='page_1' title='image "./observationesdee00crep_0044.png"; bbox 0 0 2090 3568; ppageno 0'>
   <div class='ocr_carea' id='block_1_1' title="bbox 955 238 1450 296">
    <p class='ocr_par' dir='ltr' id='par_1_1' title="bbox 955 238 1450 296">
     <span class='ocr_line' id='line_1_1' title="bbox 955 238 1450 296; baseline -0.006 -19"><span class='ocrx_word' id='word_1_1' title='bbox 955 238 1227 296; x_wconf 75' lang='lat'>...30</span> <span class='ocrx_word' id='word_1_2' title='bbox 1335 264 1450 276; x_wconf 80' lang='grc'>.-.,</span> 
     </span>
    </p>
   </div>
   <div class='ocr_carea' id='block_1_2' title="bbox 301 397 1976 2768">
    <p class='ocr_par' dir='ltr' id='par_1_2' title="bbox 356 397 1976 2272">
     <span class='ocr_line' id='line_1_2' title="bbox 388 397 1976 472; baseline 0.001 -19"><span class='ocrx_word' id='word_1_3' title='bbox 388 399 488 453; x_wconf 86' lang='lat' dir='ltr'>sub</span> <span class='ocrx_word' id='word_1_4' title='bbox 537 401 763 452; x_wconf 90' lang='lat' dir='ltr'>nomine</span> <span class='ocrx_word' id='word_1_5' title='bbox 798 398 934 452; x_wconf 90' lang='lat' dir='ltr'>Ech.</span> <span class='ocrx_word' id='word_1_6' title='bbox 986 397 1254 472; x_wconf 88' lang='lat' dir='ltr'>globulosi</span> <span class='ocrx_word' id='word_1_7' title='bbox 1300 417 1427 452; x_wconf 89' lang='lat' dir='ltr'>cum</span> <span class='ocrx_word' id='word_1_8' title='bbox 1472 401 1645 472; x_wconf 81' lang='lat' dir='ltr'>priori</span> <span class='ocrx_word' id='word_1_9' title='bbox 1694 400 1976 468; x_wconf 84' lang='lat' dir='ltr'>conjunxit</span> 
     </span>
     <span class='ocr_line' id='line_1_3' title="bbox 388 499 1975 573; baseline -0.003 -18"><span class='ocrx_word' id='word_1_10' title='bbox 388 512 441 555; x_wconf 90' lang='lat' dir='ltr'>et</span> <span class='ocrx_word' id='word_1_11' title='bbox 474 505 534 554; x_wconf 89' lang='lat' dir='ltr'>in</span> <span class='ocrx_word' id='word_1_12' title='bbox 556 500 817 553; x_wconf 82' lang='lat' dir='ltr'>Mantissa</span> <span class='ocrx_word' id='word_1_13' title='bbox 857 499 1020 566; x_wconf 83' lang='lat' dir='ltr'><strong>ejusd.</strong></span> <span class='ocrx_word' id='word_1_14' title='bbox 1061 503 1240 572; x_wconf 85' lang='lat' dir='ltr'>operis</span> <span class='ocrx_word' id='word_1_15' title='bbox 1285 519 1338 572; x_wconf 86' lang='lat' dir='ltr'>p.</span> <span class='ocrx_word' id='word_1_16' title='bbox 1387 503 1513 558; x_wconf 86' lang='lat'>313.</span> <span class='ocrx_word' id='word_1_17' title='bbox 1559 500 1681 559; x_wconf 81' lang='grc'>314.</span> <span class='ocrx_word' id='word_1_18' title='bbox 1734 499 1975 573; x_wconf 87' lang='lat' dir='ltr'>descrip-</span> 
     </span>
     <span class='ocr_line' id='line_1_4' title="bbox 384 586 1974 674; baseline -0.001 -19"><span class='ocrx_word' id='word_1_19' title='bbox 384 606 466 670; x_wconf 88' lang='lat' dir='ltr'>sit,</span> <span class='ocrx_word' id='word_1_20' title='bbox 505 586 629 653; x_wconf 84' lang='lat' dir='ltr'>cum</span> <span class='ocrx_word' id='word_1_21' title='bbox 667 598 858 671; x_wconf 90' lang='lat' dir='ltr'>quibus</span> <span class='ocrx_word' id='word_1_22' title='bbox 899 601 1061 652; x_wconf 88' lang='lat' dir='ltr'>etiam</span> <span class='ocrx_word' id='word_1_23' title='bbox 1088 600 1151 652; x_wconf 88' lang='lat' dir='ltr'>cl.</span> <span class='ocrx_word' id='word_1_24' title='bbox 1187 600 1494 652; x_wconf 82' lang='lat' dir='ltr'>BREMSERI</span> <span class='ocrx_word' id='word_1_25' title='bbox 1517 600 1728 674; x_wconf 58' lang='lat' dir='ltr'>icon*)</span> <span class='ocrx_word' id='word_1_26' title='bbox 1767 604 1974 672; x_wconf 84' lang='lat' dir='ltr'>optime</span> 
     </span>
     <span class='ocr_line' id='line_1_5' title="bbox 382 699 1970 774; baseline -0.001 -18"><span class='ocrx_word' id='word_1_27' title='bbox 382 705 656 774; x_wconf 84' lang='lat' dir='ltr'>congruit,</span> <span class='ocrx_word' id='word_1_28' title='bbox 706 716 1053 770; x_wconf 77' lang='lat' dir='ltr'>nequaquam</span> <span class='ocrx_word' id='word_1_29' title='bbox 1099 707 1282 751; x_wconf 86' lang='lat' dir='ltr'>autem</span> <span class='ocrx_word' id='word_1_30' title='bbox 1330 717 1458 751; x_wconf 87' lang='lat' dir='ltr'>cum</span> <span class='ocrx_word' id='word_1_31' title='bbox 1502 699 1639 753; x_wconf 90' lang='lat' dir='ltr'>Ech.</span> <span class='ocrx_word' id='word_1_32' title='bbox 1687 699 1970 772; x_wconf 87' lang='lat' dir='ltr'>globuloso</span> 
     </span>
     <span class='ocr_line' id='line_1_6' title="bbox 377 797 1972 874; baseline -0.003 -18"><span class='ocrx_word' id='word_1_33' title='bbox 377 801 685 874; x_wconf 85' lang='lat' dir='ltr'>Anguillae.</span> <span class='ocrx_word' id='word_1_34' title='bbox 759 797 958 852; x_wconf 86' lang='lat' dir='ltr'>Omnis</span> <span class='ocrx_word' id='word_1_35' title='bbox 989 816 1143 851; x_wconf 87' lang='lat' dir='ltr'>error</span> <span class='ocrx_word' id='word_1_36' title='bbox 1178 797 1321 851; x_wconf 86' lang='lat' dir='ltr'>hanc</span> <span class='ocrx_word' id='word_1_37' title='bbox 1360 802 1502 852; x_wconf 91' lang='lat' dir='ltr'>circa</span> <span class='ocrx_word' id='word_1_38' title='bbox 1537 817 1658 853; x_wconf 89' lang='lat' dir='ltr'>rem</span> <span class='ocrx_word' id='word_1_39' title='bbox 1694 801 1822 854; x_wconf 88' lang='lat' dir='ltr'>inde</span> <span class='ocrx_word' id='word_1_40' title='bbox 1860 805 1972 853; x_wconf 89' lang='lat' dir='ltr'>ori-</span> 
     </span>
     <span class='ocr_line' id='line_1_7' title="bbox 378 897 1969 975; baseline -0.002 -18"><span class='ocrx_word' id='word_1_41' title='bbox 378 915 491 966; x_wconf 86' lang='lat' dir='ltr'>tur,</span> <span class='ocrx_word' id='word_1_42' title='bbox 545 899 694 975; x_wconf 85' lang='lat' dir='ltr'>quod</span> <span class='ocrx_word' id='word_1_43' title='bbox 740 899 811 951; x_wconf 89' lang='lat' dir='ltr'>ill.</span> <span class='ocrx_word' id='word_1_44' title='bbox 859 897 1174 951; x_wconf 84' lang='lat' dir='ltr'>RUDOLPHI</span> <span class='ocrx_word' id='word_1_45' title='bbox 1210 917 1426 953; x_wconf 86' lang='lat' dir='ltr'>vermes</span> <span class='ocrx_word' id='word_1_46' title='bbox 1464 900 1635 954; x_wconf 83' lang='lat' dir='ltr'>dictos</span> <span class='ocrx_word' id='word_1_47' title='bbox 1674 901 1807 954; x_wconf 90' lang='lat' dir='ltr'>olim</span> <span class='ocrx_word' id='word_1_48' title='bbox 1844 921 1875 953; x_wconf 88' lang='lat' dir='ltr'>a</span> <span class='ocrx_word' id='word_1_49' title='bbox 1912 920 1969 954; x_wconf 90' lang='lat' dir='ltr'>se</span> 
     </span>
     <span class='ocr_line' id='line_1_8' title="bbox 376 999 1969 1073; baseline -0.001 -18"><span class='ocrx_word' id='word_1_50' title='bbox 376 1009 434 1055; x_wconf 88' lang='lat' dir='ltr'>in</span> <span class='ocrx_word' id='word_1_51' title='bbox 470 1000 725 1072; x_wconf 84' lang='lat' dir='ltr'>Anguilla</span> <span class='ocrx_word' id='word_1_52' title='bbox 761 1008 1009 1071; x_wconf 84' lang='lat' dir='ltr'>repertos</span> <span class='ocrx_word' id='word_1_53' title='bbox 1045 999 1423 1073; x_wconf 46' lang='lat' dir='ltr'>perdiditssss),</span> <span class='ocrx_word' id='word_1_54' title='bbox 1477 1009 1534 1052; x_wconf 84' lang='lat' dir='ltr'>ut</span> <span class='ocrx_word' id='word_1_55' title='bbox 1578 1005 1653 1054; x_wconf 86' lang='lat' dir='ltr'>ita</span> <span class='ocrx_word' id='word_1_56' title='bbox 1699 1000 1803 1053; x_wconf 87' lang='lat' dir='ltr'>hos</span> <span class='ocrx_word' id='word_1_57' title='bbox 1841 1020 1969 1054; x_wconf 88' lang='lat' dir='ltr'>cum</span> 
     </span>
     <span class='ocr_line' id='line_1_9' title="bbox 374 1098 1966 1173; baseline -0.002 -18"><span class='ocrx_word' id='word_1_58' title='bbox 374 1107 455 1168; x_wconf 83' lang='lat' dir='ltr'>iis,</span> <span class='ocrx_word' id='word_1_59' title='bbox 493 1120 629 1173; x_wconf 90' lang='lat' dir='ltr'>quos</span> <span class='ocrx_word' id='word_1_60' title='bbox 667 1098 1022 1172; x_wconf 87' lang='lat' dir='ltr'>postmodum</span> <span class='ocrx_word' id='word_1_61' title='bbox 1059 1104 1117 1151; x_wconf 89' lang='lat' dir='ltr'>in</span> <span class='ocrx_word' id='word_1_62' title='bbox 1153 1099 1266 1152; x_wconf 84' lang='lat' dir='ltr'>aliis</span> <span class='ocrx_word' id='word_1_63' title='bbox 1303 1103 1506 1173; x_wconf 85' lang='lat' dir='ltr'>reperit</span> <span class='ocrx_word' id='word_1_64' title='bbox 1541 1100 1779 1173; x_wconf 84' lang='lat' dir='ltr'>piscibus</span> <span class='ocrx_word' id='word_1_65' title='bbox 1805 1108 1871 1153; x_wconf 72' lang='lat' dir='ltr'>‘et</span> <span class='ocrx_word' id='word_1_66' title='bbox 1896 1100 1966 1154; x_wconf 91' lang='lat' dir='ltr'>ob</span> 
     </span>
     <span class='ocr_line' id='line_1_10' title="bbox 372 1199 1965 1276; baseline -0.001 -22"><span class='ocrx_word' id='word_1_67' title='bbox 372 1200 762 1276; x_wconf 70' lang='lat' dir='ltr'>proboscidem</span> <span class='ocrx_word' id='word_1_68' title='bbox 801 1201 1013 1253; x_wconf 85' lang='lat' dir='ltr'>ovalem</span> <span class='ocrx_word' id='word_1_69' title='bbox 1046 1199 1277 1251; x_wconf 88' lang='lat' dir='ltr'>eandem</span> <span class='ocrx_word' id='word_1_70' title='bbox 1315 1204 1555 1272; x_wconf 87' lang='lat' dir='ltr'>speciem</span> <span class='ocrx_word' id='word_1_71' title='bbox 1587 1199 1805 1255; x_wconf 81' lang='lat' dir='ltr'>efficere</span> <span class='ocrx_word' id='word_1_72' title='bbox 1846 1219 1965 1253; x_wconf 89' lang='lat' dir='ltr'>cre-</span> 
     </span>
     <span class='ocr_line' id='line_1_11' title="bbox 372 1298 1963 1373; baseline -0.003 -17"><span class='ocrx_word' id='word_1_73' title='bbox 372 1303 519 1369; x_wconf 82' lang='lat' dir='ltr'>didit,</span> <span class='ocrx_word' id='word_1_74' title='bbox 561 1319 882 1372; x_wconf 88' lang='lat' dir='ltr'>comparare</span> <span class='ocrx_word' id='word_1_75' title='bbox 914 1302 1231 1373; x_wconf 77' lang='lat' dir='ltr'>nequiverit,</span> <span class='ocrx_word' id='word_1_76' title='bbox 1270 1318 1376 1371; x_wconf 90' lang='lat' dir='ltr'>quo</span> <span class='ocrx_word' id='word_1_77' title='bbox 1415 1298 1556 1352; x_wconf 84' lang='lat' dir='ltr'>facto</span> <span class='ocrx_word' id='word_1_78' title='bbox 1597 1301 1963 1354; x_wconf 81' lang='lat' dir='ltr'>diversitatem</span> 
     </span>
     <span class='ocr_line' id='line_1_12' title="bbox 368 1399 1958 1471; baseline -0.003 -15"><span class='ocrx_word' id='word_1_79' title='bbox 368 1406 675 1457; x_wconf 81' lang='lat' dir='ltr'>maximam</span> <span class='ocrx_word' id='word_1_80' title='bbox 744 1399 899 1453; x_wconf 83' lang='lat' dir='ltr'>facile</span> <span class='ocrx_word' id='word_1_81' title='bbox 961 1403 1347 1471; x_wconf 81' lang='lat' dir='ltr'>conspexisset.</span> <span class='ocrx_word' id='word_1_82' title='bbox 1457 1399 1536 1452; x_wconf 88' lang='lat' dir='ltr'>Cl.</span> <span class='ocrx_word' id='word_1_83' title='bbox 1600 1400 1689 1454; x_wconf 84' lang='lat' dir='ltr'>W</span> <span class='ocrx_word' id='word_1_84' title='bbox 1690 1415 1958 1452; x_wconf 81' lang='lat' dir='ltr'>ESTRUMB</span> 
     </span>
     <span class='ocr_line' id='line_1_13' title="bbox 373 1498 1960 1572; baseline -0.004 -16"><span class='ocrx_word' id='word_1_85' title='bbox 373 1514 555 1557; x_wconf 87' lang='lat' dir='ltr'>autem</span> <span class='ocrx_word' id='word_1_86' title='bbox 612 1498 1148 1572; x_wconf 85' lang='lat' dir='ltr'>Echinorhynchum</span> <span class='ocrx_word' id='word_1_87' title='bbox 1207 1498 1499 1571; x_wconf 88' lang='lat' dir='ltr'>Anguillae</span> <span class='ocrx_word' id='word_1_88' title='bbox 1557 1507 1785 1553; x_wconf 89' lang='lat' dir='ltr'>omnino</span> <span class='ocrx_word' id='word_1_89' title='bbox 1843 1518 1960 1551; x_wconf 88' lang='lat' dir='ltr'>non</span> 
     </span>
     <span class='ocr_line' id='line_1_14' title="bbox 366 1578 1959 1679; baseline -0.005 -21"><span class='ocrx_word' id='word_1_90' title='bbox 366 1606 578 1679; x_wconf 82' lang='lat' dir='ltr'>vidisse,</span> <span class='ocrx_word' id='word_1_91' title='bbox 617 1610 706 1653; x_wconf 87' lang='lat' dir='ltr'>aut</span> <span class='ocrx_word' id='word_1_92' title='bbox 755 1601 944 1653; x_wconf 86' lang='lat' dir='ltr'>saltem</span> <span class='ocrx_word' id='word_1_93' title='bbox 991 1619 1107 1651; x_wconf 85' lang='grc'>11011</span> <span class='ocrx_word' id='word_1_94' title='bbox 1155 1604 1493 1652; x_wconf 75' lang='lat' dir='ltr'>examinasse</span> <span class='ocrx_word' id='word_1_95' title='bbox 1528 1578 1781 1671; x_wconf 50' lang='lat' dir='ltr'>ridetur,</span> <span class='ocrx_word' id='word_1_96' title='bbox 1831 1617 1959 1650; x_wconf 89' lang='lat' dir='ltr'>cum</span> 
     </span>
     <span class='ocr_line' id='line_1_15' title="bbox 367 1696 1956 1772; baseline -0.002 -18"><span class='ocrx_word' id='word_1_97' title='bbox 367 1702 680 1756; x_wconf 86' lang='lat' dir='ltr'>Gobiorum</span> <span class='ocrx_word' id='word_1_98' title='bbox 715 1697 956 1772; x_wconf 87' lang='lat' dir='ltr'>Aphyae</span> <span class='ocrx_word' id='word_1_99' title='bbox 1010 1708 1060 1752; x_wconf 88' lang='lat' dir='ltr'>et</span> <span class='ocrx_word' id='word_1_100' title='bbox 1110 1699 1296 1765; x_wconf 88' lang='lat' dir='ltr'>GOZO,</span> <span class='ocrx_word' id='word_1_101' title='bbox 1347 1698 1693 1771; x_wconf 78' lang='lat' dir='ltr'>Scorpaenae</span> <span class='ocrx_word' id='word_1_102' title='bbox 1731 1696 1956 1751; x_wconf 82' lang='lat' dir='ltr'>Scrofae</span> 
     </span>
     <span class='ocr_line' id='line_1_16' title="bbox 365 1798 1953 1869; baseline -0.003 -14"><span class='ocrx_word' id='word_1_103' title='bbox 365 1812 416 1856; x_wconf 85' lang='lat' dir='ltr'>et</span> <span class='ocrx_word' id='word_1_104' title='bbox 464 1802 564 1853; x_wconf 90' lang='lat' dir='ltr'>Zei</span> <span class='ocrx_word' id='word_1_105' title='bbox 610 1799 769 1852; x_wconf 80' lang='lat' dir='ltr'>Fabri</span> <span class='ocrx_word' id='word_1_106' title='bbox 820 1799 956 1851; x_wconf 86' lang='lat' dir='ltr'>Eeh.</span> <span class='ocrx_word' id='word_1_107' title='bbox 1003 1798 1310 1869; x_wconf 83' lang='lat' dir='ltr'>globulosos</span> <span class='ocrx_word' id='word_1_108' title='bbox 1372 1799 1754 1864; x_wconf 82' lang='lat' dir='ltr'>describendo,</span> <span class='ocrx_word' id='word_1_109' title='bbox 1813 1799 1953 1850; x_wconf 86' lang='lat' dir='ltr'>illius</span> 
     </span>
     <span class='ocr_line' id='line_1_17' title="bbox 363 1897 1953 1973; baseline -0.004 -17"><span class='ocrx_word' id='word_1_110' title='bbox 363 1904 812 1973; x_wconf 75' lang='lat' dir='ltr'>descriptionem,</span> <span class='ocrx_word' id='word_1_111' title='bbox 877 1918 1041 1970; x_wconf 88' lang='lat' dir='ltr'>quam</span> <span class='ocrx_word' id='word_1_112' title='bbox 1101 1899 1254 1964; x_wconf 87' lang='lat' dir='ltr'>alias,</span> <span class='ocrx_word' id='word_1_113' title='bbox 1311 1898 1664 1951; x_wconf 86' lang='lat' dir='ltr'>RUDOLPHIO</span> <span class='ocrx_word' id='word_1_114' title='bbox 1713 1902 1836 1969; x_wconf 90' lang='lat' dir='ltr'>ipso</span> <span class='ocrx_word' id='word_1_115' title='bbox 1886 1897 1953 1949; x_wconf 93' lang='lat' dir='ltr'>de</span> 
     </span>
     <span class='ocr_line' id='line_1_18' title="bbox 358 1997 1951 2069; baseline -0.004 -14"><span class='ocrx_word' id='word_1_116' title='bbox 358 2007 461 2054; x_wconf 88' lang='lat' dir='ltr'>isto</span> <span class='ocrx_word' id='word_1_117' title='bbox 501 2018 691 2054; x_wconf 86' lang='lat' dir='ltr'>verme</span> <span class='ocrx_word' id='word_1_118' title='bbox 729 1997 894 2051; x_wconf 90' lang='lat' dir='ltr'>dubio</span> <span class='ocrx_word' id='word_1_119' title='bbox 930 1997 1090 2063; x_wconf 85' lang='lat' dir='ltr'>facto,</span> <span class='ocrx_word' id='word_1_120' title='bbox 1132 2002 1491 2051; x_wconf 88' lang='lat' dir='ltr'>necessariam</span> <span class='ocrx_word' id='word_1_121' title='bbox 1527 2003 1585 2050; x_wconf 92' lang='lat' dir='ltr'>in</span> <span class='ocrx_word' id='word_1_122' title='bbox 1623 2016 1791 2069; x_wconf 88' lang='lat' dir='ltr'>opere</span> <span class='ocrx_word' id='word_1_123' title='bbox 1823 2017 1951 2050; x_wconf 89' lang='lat' dir='ltr'>suo:</span> 
     </span>
     <span class='ocr_line' id='line_1_19' title="bbox 358 2095 1950 2168; baseline -0.002 -16"><span class='ocrx_word' id='word_1_124' title='bbox 358 2101 481 2168; x_wconf 90' lang='lat' dir='ltr'>„De</span> <span class='ocrx_word' id='word_1_125' title='bbox 505 2096 914 2151; x_wconf 89' lang='lat' dir='ltr'>Helminthibus</span> <span class='ocrx_word' id='word_1_126' title='bbox 953 2095 1475 2167; x_wconf 73' lang='lat' dir='ltr'>acanthocephaljs,“</span> <span class='ocrx_word' id='word_1_127' title='bbox 1514 2108 1662 2149; x_wconf 89' lang='lat' dir='ltr'>certo</span> <span class='ocrx_word' id='word_1_128' title='bbox 1701 2097 1950 2162; x_wconf 84' lang='lat' dir='ltr'>dedisset,</span> 
     </span>
     <span class='ocr_line' id='line_1_20' title="bbox 356 2199 816 2272; baseline -0.011 -19"><span class='ocrx_word' id='word_1_129' title='bbox 356 2200 518 2272; x_wconf 91' lang='lat' dir='ltr'>plane</span> <span class='ocrx_word' id='word_1_130' title='bbox 555 2199 816 2252; x_wconf 89' lang='lat' dir='ltr'>omiserit.</span> 
     </span>
    </p>

    <p class='ocr_par' dir='ltr' id='par_1_3' title="bbox 301 2293 1945 2768">
     <span class='ocr_line' id='line_1_21' title="bbox 500 2293 1945 2371; baseline -0.001 -22"><span class='ocrx_word' id='word_1_131' title='bbox 500 2297 877 2371; x_wconf 87' lang='lat' dir='ltr'>Speciminum</span> <span class='ocrx_word' id='word_1_132' title='bbox 935 2314 1188 2349; x_wconf 88' lang='lat' dir='ltr'>meorum</span> <span class='ocrx_word' id='word_1_133' title='bbox 1237 2315 1307 2349; x_wconf 80' lang='lat' dir='ltr'>ex</span> <span class='ocrx_word' id='word_1_134' title='bbox 1353 2298 1607 2348; x_wconf 82' lang='lat' dir='ltr'>intestino</span> <span class='ocrx_word' id='word_1_135' title='bbox 1655 2293 1945 2366; x_wconf 79' lang='lat' dir='ltr'>Anguillae</span> 
     </span>
     <span class='ocr_line' id='line_1_22' title="bbox 355 2395 1943 2467; baseline -0.004 -16"><span class='ocrx_word' id='word_1_136' title='bbox 355 2398 730 2452; x_wconf 58' lang='lat' dir='ltr'>femineorum*</span> <span class='ocrx_word' id='word_1_137' title='bbox 789 2397 1069 2467; x_wconf 84' lang='lat' dir='ltr'>longitudo</span> <span class='ocrx_word' id='word_1_138' title='bbox 1135 2399 1379 2461; x_wconf 82' lang='lat' dir='ltr'>maxima</span> <span class='ocrx_word' id='word_1_139' title='bbox 1443 2396 1699 2448; x_wconf 88' lang='lat' dir='ltr'>undecim</span> <span class='ocrx_word' id='word_1_140' title='bbox 1757 2395 1943 2458; x_wconf 80' lang='lat' dir='ltr'>lineaS,</span> 
     </span>
     <span class='ocr_line' id='line_1_23' title="bbox 301 2495 1941 2567; baseline -0.003 -17"><span class='ocrx_word' id='word_1_141' title='bbox 301 2509 316 2520; x_wconf 74' lang='lat'><em>&#39;</em></span> <span class='ocrx_word' id='word_1_142' title='bbox 354 2498 723 2550; x_wconf 87' lang='lat' dir='ltr'>masculorum</span> <span class='ocrx_word' id='word_1_143' title='bbox 779 2495 813 2549; x_wconf 85' lang='lat' dir='ltr'>‘a</span> <span class='ocrx_word' id='word_1_144' title='bbox 871 2505 1101 2567; x_wconf 83' lang='lat' dir='ltr'>quatuor</span> <span class='ocrx_word' id='word_1_145' title='bbox 1158 2513 1327 2566; x_wconf 89' lang='lat' dir='ltr'>usque</span> <span class='ocrx_word' id='word_1_146' title='bbox 1375 2495 1443 2547; x_wconf 92' lang='lat' dir='ltr'>ad</span> <span class='ocrx_word' id='word_1_147' title='bbox 1490 2498 1727 2566; x_wconf 88' lang='lat' dir='ltr'>quinque</span> <span class='ocrx_word' id='word_1_148' title='bbox 1774 2495 1941 2546; x_wconf 86' lang='lat' dir='ltr'>lineas</span> 
     </span>
     <span class='ocr_line' id='line_1_24' title="bbox 356 2594 1939 2668; baseline -0.003 -20"><span class='ocrx_word' id='word_1_149' title='bbox 356 2601 567 2649; x_wconf 82' lang='lat' dir='ltr'>circiter</span> <span class='ocrx_word' id='word_1_150' title='bbox 617 2605 822 2668; x_wconf 85' lang='lat' dir='ltr'>aequat.</span> <span class='ocrx_word' id='word_1_151' title='bbox 907 2595 1222 2648; x_wconf 82' lang='lat' dir='ltr'>Proboscis</span> <span class='ocrx_word' id='word_1_152' title='bbox 1259 2594 1543 2660; x_wconf 86' lang='lat' dir='ltr'>subovata,</span> <span class='ocrx_word' id='word_1_153' title='bbox 1594 2603 1684 2646; x_wconf 86' lang='lat' dir='ltr'>aut</span> <span class='ocrx_word' id='word_1_154' title='bbox 1729 2598 1787 2646; x_wconf 88' lang='lat' dir='ltr'>in</span> <span class='ocrx_word' id='word_1_155' title='bbox 1825 2595 1939 2645; x_wconf 88' lang='lat' dir='ltr'>aliis</span> 
     </span>
     <span class='ocr_line' id='line_1_25' title="bbox 351 2692 1939 2768; baseline -0.002 -20"><span class='ocrx_word' id='word_1_156' title='bbox 351 2695 467 2748; x_wconf 85' lang='lat' dir='ltr'>fere</span> <span class='ocrx_word' id='word_1_157' title='bbox 506 2696 831 2768; x_wconf 70' lang='lat' dir='ltr'>cylindrica,</span> <span class='ocrx_word' id='word_1_158' title='bbox 881 2697 1213 2747; x_wconf 85' lang='lat' dir='ltr'>uncinorum</span> <span class='ocrx_word' id='word_1_159' title='bbox 1250 2692 1475 2746; x_wconf 82' lang='lat' dir='ltr'>fortium</span> <span class='ocrx_word' id='word_1_160' title='bbox 1512 2696 1711 2763; x_wconf 86' lang='lat' dir='ltr'>insigni</span> <span class='ocrx_word' id='word_1_161' title='bbox 1749 2711 1939 2745; x_wconf 69' lang='lat' dir='ltr'>curva-</span> 
     </span>
    </p>
   </div>
   <div class='ocr_carea' id='block_1_3' title="bbox 351 2791 1938 2848">
    <p class='ocr_par' dir='ltr' id='par_1_4' title="bbox 351 2791 1938 2848">
     <span class='ocr_line' id='line_1_26' title="bbox 351 2791 1938 2848; baseline -0.002 -1"><span class='ocrx_word' id='word_1_162' title='bbox 351 2798 503 2847; x_wconf 90' lang='lat' dir='ltr'>mine</span> <span class='ocrx_word' id='word_1_163' title='bbox 548 2795 887 2848; x_wconf 79' lang='lat' dir='ltr'>reflexorum</span> <span class='ocrx_word' id='word_1_164' title='bbox 934 2792 1174 2846; x_wconf 82' lang='lat' dir='ltr'>seriebus</span> <span class='ocrx_word' id='word_1_165' title='bbox 1210 2793 1467 2846; x_wconf 89' lang='lat' dir='ltr'>undecim</span> <span class='ocrx_word' id='word_1_166' title='bbox 1514 2793 1599 2846; x_wconf 89' lang='lat' dir='ltr'>vel</span> <span class='ocrx_word' id='word_1_167' title='bbox 1647 2791 1938 2844; x_wconf 87' lang='lat' dir='ltr'>duodecim</span> 
     </span>
    </p>
   </div>
   <div class='ocr_carea' id='block_1_4' title="bbox 462 3062 1935 3123">
    <p class='ocr_par' dir='ltr' id='par_1_5' title="bbox 462 3062 1935 3123">
     <span class='ocr_line' id='line_1_27' title="bbox 462 3062 1935 3123; baseline -0.003 -14"><span class='ocrx_word' id='word_1_168' title='bbox 462 3067 501 3123; x_wconf 66' lang='lat'>²⁴)</span> <span class='ocrx_word' id='word_1_169' title='bbox 531 3068 680 3109; x_wconf 80' lang='lat' dir='ltr'>Icones</span> <span class='ocrx_word' id='word_1_170' title='bbox 710 3066 1021 3110; x_wconf 83' lang='lat' dir='ltr'>Helminthum.</span> <span class='ocrx_word' id='word_1_171' title='bbox 1051 3067 1158 3108; x_wconf 84' lang='lat' dir='ltr'>Tab.</span> <span class='ocrx_word' id='word_1_172' title='bbox 1188 3066 1264 3111; x_wconf 88' lang='lat' dir='ltr'>VI.</span> <span class='ocrx_word' id='word_1_173' title='bbox 1295 3066 1329 3106; x_wconf 92' lang='lat' dir='ltr'>F</span> <span class='ocrx_word' id='word_1_174' title='bbox 1333 3067 1389 3120; x_wconf 85' lang='lat' dir='ltr'>ig.</span> <span class='ocrx_word' id='word_1_175' title='bbox 1429 3062 1468 3107; x_wconf 85' lang='lat'>5.</span> <span class='ocrx_word' id='word_1_176' title='bbox 1507 3063 1547 3107; x_wconf 90' lang='grc'>6.</span> <span class='ocrx_word' id='word_1_177' title='bbox 1586 3062 1693 3106; x_wconf 88' lang='lat' dir='ltr'>Ech.</span> <span class='ocrx_word' id='word_1_178' title='bbox 1733 3063 1935 3106; x_wconf 76' lang='lat' dir='ltr'>sciaenae</span> 
     </span>
    </p>
   </div>
   <div class='ocr_carea' id='block_1_5' title="bbox 348 3139 1639 3265">
    <p class='ocr_par' dir='ltr' id='par_1_6' title="bbox 348 3139 1639 3265">
     <span class='ocr_line' id='line_1_28' title="bbox 348 3139 625 3181; baseline 0.004 -2"><span class='ocrx_word' id='word_1_179' title='bbox 348 3139 551 3181; x_wconf 84' lang='lat' dir='ltr'>Umbrae.</span> <span class='ocrx_word' id='word_1_180' title='bbox 622 3172 625 3175; x_wconf 32' lang='lat'><strong>⁴</strong></span> 
     </span>
     <span class='ocr_line' id='line_1_29' title="bbox 460 3205 1639 3265; baseline -0.004 -13"><span class='ocrx_word' id='word_1_181' title='bbox 460 3208 522 3262; x_wconf 53' lang='grc' dir='ltr'>Ἠ)</span> <span class='ocrx_word' id='word_1_182' title='bbox 555 3206 686 3265; x_wconf 87' lang='lat' dir='ltr'>Quod</span> <span class='ocrx_word' id='word_1_183' title='bbox 718 3217 860 3250; x_wconf 82' lang='lat' dir='ltr'>narrat</span> <span class='ocrx_word' id='word_1_184' title='bbox 890 3208 932 3248; x_wconf 88' lang='lat' dir='ltr'>in</span> <span class='ocrx_word' id='word_1_185' title='bbox 962 3207 1165 3252; x_wconf 79' lang='lat' dir='ltr'>Mantissa</span> <span class='ocrx_word' id='word_1_186' title='bbox 1197 3208 1439 3264; x_wconf 82' lang='lat' dir='ltr'>Synopseos</span> <span class='ocrx_word' id='word_1_187' title='bbox 1469 3222 1511 3262; x_wconf 89' lang='lat' dir='ltr'>p.</span> <span class='ocrx_word' id='word_1_188' title='bbox 1540 3205 1639 3251; x_wconf 83' lang='lat'>313.</span> 
     </span>
    </p>
   </div>
  </div>
 </body>
</html>
