2090 3568
941 205 1410 266 -45-

523 370 719 422 Porus
764 371 995 423 anticus
1043 371 1297 439 exiguus,
1353 367 1700 434 orbiculariS,
1745 367 1968 437 inferiiS,

379 472 666 523 ventralis
700 470 873 522 multo
910 469 1114 537 major,
1150 468 1288 520 ultra
1326 466 1612 520 dimidium
1651 472 1812 522 totius
1849 488 1973 524 ver-

382 572 487 622 mis
547 568 614 622 ab
672 572 930 621 anteriori
983 576 1254 634 remotus,
1310 571 1662 639 prominenS,
1721 579 1970 641 apertura

381 673 557 737 varia,
604 668 1010 721 subtransversa
1047 676 1138 719 aut
1173 653 1592 738 suborbiculari,
1630 687 1791 742 saepe
1827 670 1971 722 indi-

383 774 587 826 stincta.
660 768 940 839 Margines
977 766 1261 820 vermiculi
1297 785 1414 819 non
1452 767 1645 820 eadem
1669 769 1767 821 sub
1792 768 1972 823 forma

380 887 600 941 semper
635 885 694 920 se
732 865 1076 933 exhibebant,
1112 875 1172 919 ut
1205 884 1335 920 vera
1370 868 1509 922 illius
1557 887 1672 921 non
1718 868 1860 923 bene
1907 873 1973 923 sit

383 967 753 1035 describenda.
827 966 1108 1019 Laterales
1144 967 1508 1039 utplurimum
1547 968 1776 1023 involuti
1812 988 1852 1020 S.
1888 972 1977 1022 in-

383 1068 517 1122 flexi
556 1065 1042 1139 conspiciebantur,
1081 1085 1245 1140 saepe
1283 1070 1447 1121 etiam
1483 1076 1627 1120 totus
1665 1073 1865 1122 vermis
1888 1072 1975 1121 in-

384 1177 651 1222 curvatus·
749 1166 1024 1232 Quamdiu
1081 1176 1265 1220 autem
1312 1185 1527 1221 vermes
1576 1171 1831 1220 intestino
1879 1168 1973 1220 ad-

383 1266 696 1333 haerebant,
720 1266 1038 1320 videbantur
1064 1285 1180 1320 esse
1203 1276 1351 1319 recte
1390 1271 1615 1334 extensi,
1654 1277 1707 1320 et
1741 1271 1802 1318 in
1837 1285 1975 1338 aqua

384 1379 615 1434 tantum,
653 1370 740 1418 cui
775 1370 1008 1420 immissi
1045 1377 1184 1433 sunt,
1220 1365 1461 1419 formam
1496 1366 1606 1419 ullo
1643 1366 1814 1419 modo
1852 1385 1977 1418 cur-

385 1478 563 1522 vatam
610 1465 968 1524 assumebant,
1050 1467 1286 1520 Collum
1332 1465 1402 1518 ad
1436 1464 1608 1519 finem
1645 1468 1976 1519 anteriorem

382 1567 664 1639 paululum
701 1575 1056 1630 attenuatum,
1095 1576 1373 1618 caeterum
1410 1582 1539 1616 cum
1575 1583 1808 1636 corpore
1847 1583 1980 1617 ean-

385 1668 514 1720 dem
557 1665 898 1719 latitudinem
941 1663 1170 1729 habere,
1228 1662 1414 1717 forsan
1473 1669 1636 1717 etiam
1696 1682 1823 1717 cuni
1868 1665 1976 1717 hoc

384 1778 687 1819 retrorsum
731 1763 1014 1836 paululum
1062 1781 1307 1815 crescere
1354 1763 1650 1817 videbatur.
1747 1765 1977 1836 Corpus

386 1875 662 1918 caeterum
709 1882 838 1914 cum
886 1861 1024 1913 collo
1063 1865 1412 1924 continuum,
1455 1866 1664 1933 postice
1702 1862 1978 1914 obtusissi-

385 1983 544 2017 mum
601 1973 693 2015 aut
746 1970 1086 2026 truncatum,
1142 1964 1201 2013 in
1258 1962 1534 2015 vermibus
1591 1964 1975 2016 recentissimis

387 2063 589 2116 caudae
633 2061 744 2113 fine
793 2063 994 2112 exciso,
1077 2059 1302 2112 Latera
1346 2066 1559 2132 punctis
1608 2061 1738 2113 albis
1789 2079 1974 2131 opaca.

391 2163 634 2217 Canalis
673 2161 1074 2212 alimentarias
1112 2177 1142 2210 a
1181 2178 1317 2230 poro
1343 2164 1521 2212 antico
1561 2160 1807 2214 distincte
1844 2163 1976 2211 sim-

386 2263 514 2334 plex
563 2266 769 2326 orienS,
815 2267 933 2310 tum
981 2262 1041 2309 in
1089 2258 1226 2310 collo
1274 2277 1391 2311 sese
1440 2259 1683 2313 dividens
1720 2263 1977 2332 utrinque

390 2360 622 2414 caudam
671 2377 860 2412 versus
898 2357 1174 2410 descendit
1211 2367 1263 2409 et
1301 2368 1379 2410 est
1416 2357 1570 2411 valde
1608 2358 1847 2429 amplus,
1893 2358 1976 2409 ul-

389 2465 554 2514 timae
594 2459 705 2526 ejus
742 2457 879 2510 fines
905 2455 1052 2508 haud
1076 2455 1216 2509 bene
1243 2456 1667 2528 distinguendae.
1750 2456 1977 2509 Ovaria

389 2577 537 2631 pone
585 2576 789 2629 porum
843 2555 1141 2608 ventralem
1200 2565 1504 2609 transverse
1564 2566 1786 2609 extensa
1849 2559 1977 2609 ovis

390 2660 553 2712 fuscis
592 2656 792 2728 repleta
830 2664 996 2706 erant.
1076 2654 1314 2707 Cirrlzus
1338 2673 1452 2706 non
1477 2657 1815 2726 conspicuuS,
1849 2671 1977 2724 per-

392 2758 532 2810 bene
568 2767 752 2809 autem
785 2773 963 2826 porus
997 2755 1278 2826 genitalis
1324 2751 1683 2824 subellipticus
1718 2756 1843 2823 pori
1880 2771 1977 2804 an-

397 2860 485 2909 tici
527 2857 681 2908 lateri
726 2856 938 2925 postico
993 2852 1254 2919 adjacenS.
1346 2850 1587 2922 Organa
1636 2849 1757 2902 duo
1810 2851 1975 2921 ellip-

398 2960 536 3026 tica,
576 2971 714 3027 quae
760 2956 820 3005 in
865 2950 1233 3024 compluribus
1280 2950 1648 3004 Distomatum
1698 2947 1975 3022 speciebus
