2090 3568
924 213 1384 270 *74*

362 373 504 421 neati
547 370 626 422 vel
664 370 1149 443 subcampanulati,
1198 371 1530 442 marginibus
1579 374 1778 426 scilicet
1811 375 1944 428 late-

359 470 557 522 ralibus
595 489 730 524 mox
767 472 1141 536 subconveXiS,
1165 490 1315 523 .mox
1350 476 1534 537 rectis,
1573 473 1779 543 angulis
1815 493 1941 527 acu-

358 574 424 623 tis
462 570 804 626 exstantibus
861 571 1196 622 Posteriores
1239 573 1366 624 ovis
1401 569 1564 642 pleni.
1623 574 1941 627 Foramina

357 672 705 724 articulorum
743 688 855 720 non
894 649 1204 739 conspicua.

499 769 651 822 Obs.
722 767 785 820 In
820 772 1082 820 intestinis
1110 769 1301 823 Muris
1324 771 1495 825 Raeti
1522 771 1727 823 GOEZE
1766 791 1941 842 quon·
1974 761 1977 764 ¹

356 871 483 922 dam
521 870 789 921 Taeniam
825 868 1089 939 pusillam,
1129 879 1180 922 et
1208 866 1281 921 cl.
1320 885 1392 923 AB
1433 868 1675 922 OLFERS
1713 873 1772 922 in
1808 873 1939 924 Bra-

355 969 469 1021 silia
508 968 776 1021 Taeniam
816 969 975 1019 aliam
1023 973 1247 1041 reperit,
1294 989 1458 1041 quam
1505 970 1575 1021 ill.
1623 968 1937 1023 RUDOLPHI

353 1068 453 1123 sub
507 1071 733 1120 nomine
796 1068 858 1120 T.
919 1067 1247 1121 diminutae
1309 1074 1368 1121 in
1423 1068 1663 1141 Synopsi
1728 1088 1825 1120 sua
1883 1088 1935 1141 p.

351 1175 472 1230 689.
504 1178 554 1221 et
580 1150 706 1228 630.
734 1168 1029 1240 descripsit.
1086 1166 1175 1219 Ab
1201 1168 1285 1220 his
1311 1173 1518 1240 species
1544 1178 1729 1222 nostra
1755 1169 1934 1222 diver-

351 1274 558 1322 sissima
608 1277 710 1335 est,
755 1267 941 1322 forsan
979 1277 1161 1320 autem
1200 1277 1278 1320 est
1316 1268 1506 1320 eadem
1544 1287 1670 1319 cum
1709 1268 1935 1333 Taenia,

351 1389 515 1441 quam
561 1370 820 1421 Museum
879 1367 1199 1421 Viennense
1253 1370 1312 1419 in
1366 1371 1629 1419 intestinis
1652 1356 1661 1359 Ἀ
1685 1367 1935 1419 Murium

350 1469 495 1522 Ratti
531 1479 581 1520 et
618 1468 907 1521 decumani
944 1471 1219 1520 inventam
1256 1470 1397 1518 inter
1435 1467 1621 1518 dubias
1659 1469 1840 1539 posuit
1858 1466 1933 1538 ᾗ),

310 1548 316 1560 ’
352 1578 403 1620 et
440 1568 588 1636 cujus
627 1567 914 1639 descriptio
954 1566 1203 1618 nondum
1238 1576 1459 1638 prostat.

371 1783 490 1836 III.
561 1782 1143 1834 Observationes
1201 1781 1284 1833 de
1337 1783 1713 1851 speciebus
1757 1782 1911 1853 jam

968 1883 1306 1952 cognitis,

437 2033 487 2093 1.
553 2028 660 2086 De
718 2028 1006 2086 Taenia
1059 2030 1526 2107 tripunctata
1578 2027 1926 2085 BRAUNII.

488 2150 799 2202 RUDOLPHI
847 2149 1273 2219 Entozoologiae
1318 2147 1445 2200 Vol.
1493 2146 1557 2199 H.
1606 2147 1667 2201 P.
1704 2147 1766 2198 H.
1805 2166 1926 2217 pag.

345 2257 432 2312 99.
480 2270 533 2302 n.
584 2253 665 2307 15,
706 2248 841 2300 Tab.
880 2250 954 2303 X.
1005 2248 1059 2301 F.
1107 2254 1157 2307 3.
1204 2248 1255 2304 4.
1303 2246 1384 2314 Ej.
1425 2246 1659 2318 Synop8.
1706 2265 1758 2318 p.
1801 2247 1921 2304 147.

345 2373 397 2404 n.
440 2358 521 2410 13.

488 2451 697 2502 Taenia
743 2453 1093 2520 tripunctata,
1145 2466 1308 2518 quam
1353 2464 1513 2516 saepe
1561 2449 1619 2496 in
1665 2448 1919 2498 intestino

346 2551 598 2602 Erinacei
647 2552 901 2619 europaei
948 2551 1154 2618 reperi,
1204 2546 1295 2597 diu
1349 2563 1434 2597 me
1481 2545 1669 2610 illusit,
1717 2546 1775 2595 u't
1819 2563 1920 2615 pro

346 2668 488 2702 nova
542 2653 719 2721 specie
776 2665 896 2699 eam
949 2646 1261 2710 habuerim,
1327 2663 1491 2716 quam
1545 2643 1642 2694 sub
1694 2646 1921 2694 nomine

347 2750 589 2801 Taeniae
653 2757 906 2799 cuneatae
969 2747 1079 2814 jam
1143 2745 1289 2797 volui
1345 2742 1666 2794 describere.
1769 2741 1916 2793 Talis

345 2849 604 2901 illusionis
666 2866 822 2899 causa
870 2856 1049 2898 autem
1100 2854 1236 2908 erat,
1296 2843 1439 2914 quod
1485 2841 1555 2891 ill.
1605 2839 1915 2891 RUDOLPHI

346 2966 607 3013 vermem,
644 2965 807 3018 quem
844 2965 901 2998 se
937 2950 1118 3018 ipsum
1153 2962 1266 2996 non
1301 2944 1566 3014 reperisse
1602 2937 1792 3002 refert,
1830 2956 1912 2989 se-

463 3162 498 3219 ⁴')
527 3166 789 3207 Wnsmmvm
817 3164 848 3203 l.
879 3177 916 3205 e.
947 3177 990 3216 p.
1019 3162 1088 3205 67.
1117 3163 1347 3203 ΓιυυοιΡΗι
1378 3158 1558 3214 Synops.
1579 3173 1618 3212 p.
1640 3154 1736 3200 170.
1755 3169 1800 3194 n.
1818 3152 1913 3197 103.
