2090 3568
632 162 1107 239 4-61-—4

219 327 532 383 Genitalia
574 324 731 392 hujus
777 327 976 377 vermis
1023 327 1083 376 in
1127 334 1282 394 parte
1319 328 1428 392 ejus
1464 339 1646 402 poste-

70 436 216 488 riore
253 432 352 480 sita
388 435 456 492 et,
494 434 753 496 quatenus
789 427 999 476 interne
1034 423 1280 489 latentia,
1316 424 1471 477 valde
1506 429 1647 480 indi-

71 536 260 584 stincta
298 535 435 583 sunt,
510 524 698 576 Lentis
736 540 841 594 ope
880 540 944 575 eo
982 526 1227 594 inspecto
1265 517 1467 592 aliquot
1501 541 1647 578 vasa

71 628 411 682 subtilissima
445 622 521 675 ibi
556 626 615 675 in
652 629 1005 693 conspectum
1040 625 1290 687 veniunt,
1335 623 1648 693 nigrescen-

69 733 159 792 tia,
195 727 368 778 lineae
406 734 459 776 et
495 719 749 776 dimidiae
785 726 956 794 spatio
993 731 1176 774 autem
1213 740 1244 773 a
1269 720 1471 773 caudae
1496 725 1649 793 apice

71 828 268 879 distans
305 820 542 888 macula,
589 821 801 894 reliquo
831 816 1083 892 'corpore
1128 820 1475 893 pellucidior‚
1523 819 1649 870 sub-

72 923 413 986 orbiculariS,
471 930 561 972 aut
614 938 808 973 verum
835 917 1128 992 foramen
1176 915 1476 972 orbiculare
1513 922 1647 972 visui

69 1043 126 1076 se
163 1019 396 1093 exhibet,
470 1019 598 1070 Hoc
636 1035 667 1069 e
700 1016 970 1071 foramine
1009 1019 1280 1090 egreditur
1319 1021 1502 1071 cirrus
1525 1016 1649 1069 bre—

70 1128 176 1188 viS‚
230 1128 435 1183 rectUS‚
497 1120 724 1169 omnino
774 1117 1128 1188 cylindriCUS,
1183 1117 1269 1171 vel
1314 1122 1373 1170 in
1417 1117 1648 1170 modum

67 1219 274 1294 glandis
310 1219 466 1288 penis
503 1214 731 1268 humani
765 1218 1157 1283 intumescenS‚
1205 1235 1374 1289 quem
1408 1227 1525 1268 tum
1562 1235 1651 1269 re—

66 1319 280 1373 trahere
333 1326 452 1368 tum
503 1318 786 1388 porrigere
839 1333 1088 1370 vermem
1136 1316 1306 1369 semel
1353 1315 1648 1370 observavi.

69 1419 235 1471 Hunc
271 1418 476 1467 cirrum
513 1416 802 1467 ZEDERUS
839 1433 1044 1488 penem
1090 1414 1372 1468 arbitratus
1421 1426 1526 1480 est,
1572 1419 1648 1466 nti

68 1515 342 1581 foramen,
379 1512 476 1568 sub
515 1536 622 1588 quo
659 1524 921 1567 retractus
968 1514 1120 1581 latet,
1166 1533 1269 1586 pro
1307 1515 1466 1568 vulva
1501 1533 1651 1567 sum—

71 1619 148 1667 sit.
220 1616 363 1667 Rem
401 1625 582 1667 autem
613 1621 686 1667 ita
722 1633 836 1666 non
874 1632 932 1666 se
967 1612 1170 1666 habere
1209 1625 1260 1666 et
1297 1624 1494 1666 statum
1524 1611 1652 1665 her-

69 1711 528 1785 maphroditicum
585 1710 676 1765 hic
721 1733 837 1765 non
882 1717 1064 1764 minus
1111 1711 1323 1778 adesse,
1382 1731 1547 1783 quam
1592 1715 1651 1763 in

44 1792 371 1866 *Cestoideis
410 1815 657 1877 caeteriS,
694 1830 830 1864 mox
866 1813 1003 1876 vidi,
1050 1829 1175 1862 cum
1222 1822 1434 1882 partem
1479 1815 1653 1882 posti-

71 1930 192 1963 cam
231 1906 797 1981 Caryophyllaeorum
844 1913 986 1961 cirro
1036 1920 1249 1961 exserto
1300 1910 1653 1979 gaudentium

67 2012 230 2080 digito
267 2009 476 2060 fortiter
510 2011 841 2079 pressissem.
923 2009 1071 2062 Nam
1106 2014 1322 2078 partem
1356 2005 1500 2059 hanc
1536 2018 1650 2060 tum

65 2106 414 2177 microscopii
451 2124 556 2178 ope
595 2107 1005 2178 contemplanti,
1055 2126 1306 2159 ovorum
1341 2124 1654 2179 parvorum,

69 2208 425 2277 ellipticorum
463 2209 678 2277 copiam
717 2202 825 2257 hoc
861 2205 1001 2257 mihi
1039 2205 1268 2258 effusam
1309 2211 1649 2260 monstravit.

66 2306 219 2357 Idem
266 2305 454 2357 accidit
499 2310 558 2356 in
595 2303 867 2357 vermibus
908 2309 1048 2357 cirro
1089 2304 1407 2358 carentibus
1492 2305 1654 2359 Ova-

68 2408 289 2456 riorum
337 2407 478 2454 circa
524 2412 613 2453 aut
657 2419 802 2472 pone
850 2407 1054 2455 cirrum
1100 2408 1330 2456 sitorum
1376 2402 1653 2457 subtilissi—

67 2522 188 2555 mos
252 2502 461 2554 canales
518 2502 688 2552 semel
742 2511 949 2578 tantum
1006 2508 1269 2573 conspexi
1326 2513 1376 2555 et
1430 2505 1650 2575 quidem

66 2600 469 2673 propendentes
519 2620 548 2652 e
593 2619 781 2654 verme
828 2598 939 2667 jam
975 2605 1343 2654 maceratione
1382 2615 1649 2674 correpto,

68 2699 231 2766 Cujus
268 2703 480 2771 generis
519 2718 649 2752 vero
686 2718 812 2753 vasa
848 2700 936 2751 illa
974 2700 1090 2766 alia,
1128 2715 1290 2771 supra
1329 2714 1650 2768 memorata„

67 2802 422 2869 nigrescentia
460 2799 580 2863 sint,
617 2819 686 2852 an
724 2800 792 2852 ad
828 2800 1077 2871 genitalia
1102 2805 1304 2872 pariter
1327 2805 1650 2873 pertineant,

68 2914 170 2948 nec
205 2917 291 2963 ne,
330 2902 539 2951 nescire
579 2898 856 2952 confiteor.

209 2996 333 3061 Quo
382 2998 548 3049 modo
596 3007 778 3050 autem
825 3008 1108 3051 exercetur
1146 3002 1316 3051 coitus
1365 3018 1395 3050 a
1435 2999 1649 3069 Caryo-

64 3093 366 3166 phyllaeis?
452 3095 595 3151 Cum
641 3096 730 3150 hic
768 3101 967 3154 vermis
1007 3098 1356 3172 androgynus
1394 3098 1479 3151 vel
1516 3096 1644 3148 her-
