2090 3568
676 156 772 205 ‘—-
877 171 1150 225 39-

47 367 57 377 .
132 325 457 398 enchymate
500 325 828 379 subcutaneo
867 324 1110 392 efficitur,
1149 346 1249 379 nec
1287 331 1350 382 ab
1391 337 1518 388 ovis
1552 333 1703 405 (para

130 429 225 490 viS,
265 424 528 497 ellipticis)
576 443 712 496 quae
748 428 1059 497 neutiquam
1100 425 1283 477 colore
1318 428 1408 479 illo
1446 433 1700 497 violaceO,

129 524 223 576 sed
259 523 365 575 hoc
401 523 570 576 multo
606 523 866 576 lucidiore
902 522 1054 576 fusco
1091 524 1378 596 gaudentia
1415 526 1629 596 offendi,

270 620 423 675 Obs.
466 628 511 681 1.
583 623 646 676 In
699 624 843 677 Lari
899 625 1139 679 intestini
1176 630 1379 693 parte,
1437 640 1599 692 quam
1642 630 1699 678 in

127 722 323 774 Museo
361 723 642 794 zoologico
671 720 1007 794 Gryphiensi
1043 722 1168 788 vidi,
1203 720 1262 774 hi
1298 738 1526 785 vermeS,
1563 738 1699 790 quo-

127 839 254 871 rum
310 821 508 874 multos
567 822 942 874 benevolentia
989 820 1052 872 cl.
1103 820 1505 872 HORNSCHUCH
1555 818 1698 871 dono

130 924 341 992 accepi,
385 923 627 973 maxima
675 923 828 990 copia
877 928 1030 970 erant
1066 917 1399 973 accumulati.
1472 917 1699 969 Plurimi

129 1019 278 1070 villos
323 1021 583 1081 intestini,
632 1017 823 1088 quibus
859 1021 931 1069 ita
969 1035 1027 1069 se
1060 1016 1368 1080 affixerant,
1416 1025 1475 1068 ut
1512 1034 1603 1068 eos
1639 1018 1697 1066 in

125 1117 447 1168 laminarum
496 1114 736 1167 formam
784 1119 1126 1187 pressissent,
1173 1117 1307 1167 adeo
1353 1117 1556 1167 mortui
1600 1111 1696 1165 ad-

124 1213 228 1265 huc
267 1221 317 1264 et
353 1216 410 1265 in
447 1217 637 1284 spiritu
678 1218 785 1266 vini
823 1219 1017 1267 servati
1053 1215 1323 1274 tenebant.

264 1310 416 1364 Obs.
463 1317 512 1369 2.
587 1311 755 1373 Color
802 1316 960 1365 striae
1007 1312 1230 1366 dorsalis
1278 1331 1440 1384 supra
1486 1327 1698 1362 memo·

120 1420 282 1478 ratur,
320 1411 619 1463 secundum
655 1413 1019 1465 adsertionem
1049 1430 1154 1463 am.
1198 1412 1538 1474 SCHILLING,
1573 1425 1696 1462 ver-

119 1528 236 1562 mes
273 1520 514 1563 recentes
551 1511 658 1577 jam
709 1513 1073 1580 insigniverat,
1111 1528 1208 1574 ne,
1255 1508 1402 1560 hunc
1439 1527 1470 1560 a
1506 1510 1693 1579 spiritu

119 1608 523 1680 quodammodo
561 1609 888 1680 productum
927 1626 1057 1673 esse,
1097 1606 1296 1660 credas.

203 1777 259 1831 2.
340 1767 849 1848 Amphistoma
896 1766 1484 1848 platycephalum
1526 1763 1690 1821 mihi.

259 1901 328 1954 A.
376 1921 515 1973 poro
566 1906 775 1972 capitiS,
822 1919 984 1972 supra
1032 1901 1205 1972 plani,
1252 1898 1393 1951 infra
1443 1901 1690 1961 convexi,

116 2020 333 2072 magno,
371 2011 691 2064 transverso,
728 2003 936 2071 postico
974 2002 1205 2062 minore,
1247 1996 1533 2061 terminali,
1569 1998 1715 2048 cor—'

116 2116 250 2171 pore
266 2142 268 2146 .
287 2103 541 2170 utrinque
579 2106 866 2153 attenuato,

257 2196 417 2248 Hab.
490 2197 554 2248 In
600 2195 762 2247 bursa
807 2193 1034 2246 Fabricii
1075 2195 1340 2267 Colymbi
1374 2193 1687 2266 rufogula-

116 2300 193 2348 ris
251 2295 453 2348 detexit
508 2295 832 2348 SCHILLING
884 2298 1040 2352 1823.
1130 2292 1253 2363 Ipse
1296 2291 1443 2344 idem
1491 2291 1685 2344 eodem

115 2395 235 2447 loco
273 2398 453 2465 reperi
490 2394 540 2445 d.
583 2398 665 2449 11.
702 2393 820 2443 Jan.
863 2395 1019 2449 1824.
1057 2392 1368 2445 solitarium.

255 2493 484 2543 Descr.
564 2489 876 2558 Longitudo
936 2492 1202 2542 vermium
1260 2498 1338 2539 est
1380 2504 1412 2538 a
1457 2494 1684 2556 quatuor

114 2592 182 2642 ad
218 2593 453 2660 quinque
489 2588 656 2639 lineas
694 2605 820 2639 cum
868 2587 1104 2639 dimidia.
1184 2584 1434 2638 Latitudo
1485 2594 1682 2654 corpo—

113 2693 187 2740 ris
226 2687 292 2740 ab
338 2705 446 2738 una
494 2686 559 2738 ad
605 2685 720 2738 fere
767 2685 895 2736 duas
945 2685 1128 2737 lineas.
1213 2682 1386 2755 Caput
1433 2680 1680 2734 nonnihil

114 2788 282 2839 latius,
353 2784 550 2839 Forma
587 2795 741 2851 tereS,
780 2784 929 2837 color
965 2784 1131 2837 albus·

258 2885 454 2957 Caput
501 2887 742 2936 strictura
788 2883 1057 2955 profunda
1104 2902 1135 2934 a
1194 2897 1422 2952 corpore
1478 2878 1674 2931 discre-

117 2992 231 3034 tum
275 2987 489 3036 tertiam
526 2985 734 3035 circiter
769 2993 980 3054 partem
1017 2985 1213 3036 vermis
1251 2982 1408 3033 totius
1444 2982 1589 3030 tenet
1624 2983 1674 3027 et

118 3077 294 3134 forma
339 3081 535 3154 gaudet
580 3082 884 3154 irregulari:
927 3082 1199 3156 ¹Superior
1244 3082 1503 3134 nimirum
1548 3091 1670 3148 pars
