2090 3568
646 243 747 292 Υ--
854 216 1127 274 29—-

105 386 243 439 haec
278 382 403 435 'non
449 379 584 447 vidi,
633 379 703 433 ill.
749 378 1104 431 RUDOLPI-no
1146 377 1390 431 lubenter
1428 386 1686 453 conced0‚

110 503 236 537 cum
304 484 603 557 specimina
676 478 832 545 hujus
888 475 1345 548 Echinorhynchi
1399 499 1566 552 usque
1623 487 1687 539 ad

111 593 340 658 quatuor
375 581 542 634 lineas
579 598 782 651 magna
816 578 1034 642 viderit,
1081 580 1139 628 in
1175 576 1472 644 majoribus
1510 592 1691 636 autem

113 701 315 754 organa
353 680 492 732 dicta
527 678 713 731 forsan
749 678 942 731 melius
993 676 1336 744 dijudicanda
1383 679 1504 730 sint.
1586 680 1694 733 Po-

111 801 202 834 ros
241 783 390 833 enim
425 788 603 830 tantae
639 777 1023 849 magnitudinis
1064 780 1291 828 omnino
1331 787 1546 849 apertos
1579 796 1693 832 esse

112 884 208 935 vix
254 877 624 944 credidissem,
680 890 740 929 ut
784 879 962 947 potius
1013 874 1336 949 membrana
1380 881 1696 931 tenuissima

117 989 169 1031 et
204 976 618 1050 pellucidissima
656 991 772 1026 esse
810 974 1016 1027 clausos
1056 973 1121 1027 ab
1157 978 1313 1028 initio
1363 974 1696 1032 observatio-

117 1096 251 1130 num
287 1092 536 1126 mearum
573 1083 859 1145 auguratus
897 1077 1017 1132 sim,

125 1241 700 1301 Observationes
748 1246 834 1298 de
869 1246 1492 1321 Eclzinorlzynclzo
1540 1254 1700 1324 glo-

552 1347 806 1401 buloso
845 1345 1296 1400 RUDOLPHJI.

259 1473 436 1541 Hujus
486 1472 944 1547 Echinorhynchi
991 1479 1317 1546 specimina,
1367 1497 1504 1550 quae
1552 1486 1702 1534 vario

121 1577 251 1626 anni
285 1583 536 1643 tempore
571 1577 632 1625 in
668 1566 968 1628 Muraenae
1001 1573 1287 1645 Anguillae
1323 1580 1578 1632 intestino
1616 1600 1704 1633 re-

121 1683 276 1746 perta
330 1676 389 1724 in
444 1673 822 1726 Entozoorum
883 1675 1196 1729 collectione
1254 1694 1379 1730 mea
1434 1681 1707 1751 posside0‚

123 1771 272 1826 haud
305 1791 528 1843 prorsus
565 1776 785 1825 invenio
824 1791 950 1825 cum
985 1774 1056 1824 ill.
1090 1774 1429 1829 RUDOLPHH
1468 1778 1709 1852 descrip-

126 1872 356 1944 tione*)
442 1874 807 1940 congrueniia.
936 1869 1073 1923 Sunt
1156 1883 1338 1927 autem
1421 1878 1708 1949 Anguillae

127 1969 730 2040 Acanthocephalorum
777 1973 982 2040 species
1029 1979 1164 2022 tres:
1210 1973 1712 2048 Echinorhynchus

129 2068 453 2138 globulosus,
492 2068 915 2139 angustatusssss)
954 2077 1004 2119 et
1039 2072 1513 2148 te1¹eticollis***).
1552 2078 1714 2132 Prior

130 2186 257 2218 cum
292 2166 376 2219 his
428 2164 687 2217 confundi
732 2171 945 2238 nequit,
996 2186 1123 2220 cum
1169 2171 1278 2236 jam
1324 2174 1608 2244 proboscis
1657 2183 1714 2230 in

132 2266 385 2319 omnibus
433 2263 602 2316 tribus
651 2265 1014 2318 diversissime
1054 2279 1362 2324 constructa
1399 2279 1488 2340 sit,
1537 2281 1581 2327 si
1621 2297 1716 2330 au-

130 2377 246 2417 tem
283 2364 416 2418 colla
456 2382 648 2416 eorum
685 2369 827 2417 inter
853 2386 909 2418 se
937 2366 1299 2436 conferamus,
1338 2372 1714 2430 dissimilitudo

136 2463 312 2515 adhuc
346 2465 516 2516 multo
554 2466 730 2531 major
768 2464 1018 2516 obtineat.
1068 2466 1232 2519 Haud
1270 2474 1546 2526 minorem
1584 2494 1715 2528 vero

137 2566 355 2616 invenio
393 2566 534 2615 inter
571 2562 1102 2634 Echinorhynchum
1140 2564 1428 2638 Anguillae
1479 2582 1531 2623 et
1580 2574 1717 2640 illos7

136 2680 272 2733 quos
318 2661 391 2714 ill.
447 2661 548 2715 Vir
593 2662 762 2716 modo
809 2666 1120 2717 nominatus
1166 2668 1226 2717 in
1263 2666 1503 2742 Synopsi
1540 2690 1594 2744 p.
1632 2679 1718 2733 65.

204 2987 212 3007 ‚‚
252 2959 288 3017 *)
317 2963 603 3018 Entozoolog.
634 2963 693 3006 Π.
726 2963 766 3007 1.
798 2980 843 3019 p·
871 2965 972 3010 260.

225 3027 281 3084 Μ’)
310 3031 351 3072 Α
379 3049 450 3074 me
479 3037 523 3076 in
554 3036 642 3088 ejus
672 3037 870 3078 intestino
902 3039 1121 3092 aliquoties
1152 3050 1361 3095 repertus.

200 3095 276 3153 ***)
305 3101 473 3145 Ibidem
502 3121 525 3146 a
553 3107 818 3148 Runommo
853 3108 1070 3166 Gryphiae
1100 3108 1322 3166 Augusto,
1350 3127 1373 3153 a
1403 3125 1471 3153 me
1502 3112 1721 3168 hucusque

172 3185 394 3226 nunquam
422 3177 629 3219 inventus.
