2090 3568
920 160 1381 220 -10—

367 324 431 376 R.
471 321 666 375 eodem
700 320 837 388 loco,
876 340 986 396 quo
1013 326 1082 375 -in
1117 322 1225 388 illo,
1262 325 1462 380 inveni,
1544 319 1793 373 Dubium
1836 325 1937 394 igi-

363 433 450 475 tur
483 441 598 475 non
636 430 728 487 est,
765 425 972 493 optimo
1017 422 1328 474 RUDOLPHI
1374 424 1651 473 immerito
1700 420 1936 474 Tricho-

365 520 597 593 cephalis
632 519 881 573 femineis
916 540 1020 591 pro
1066 524 1261 591 vagina
1298 530 1350 572 et
1394 523 1647 572 intestino
1694 519 1936 572 cloacam

362 639 710 675 communem
750 637 1062 671 concessam
1107 624 1279 672 visam
1317 618 1511 689 esse*).

735 821 1559 904 Spiropc'era.

781 988 1142 1059 Species
1203 1005 1505 1040 novae.

447 1127 498 1184 1.
564 1120 1014 1201 Spiroptera
1060 1120 1409 1180 obvelata
1463 1116 1628 1180 mihi.

498 1242 553 1301 S,
595 1245 780 1314 capitis
817 1240 1136 1294 membrana
1174 1241 1401 1312 elliptica
1439 1238 1667 1293 obvelati
1705 1255 1800 1289 ore
1845 1240 1932 1291 in-

357 1344 620 1407 distincto,
660 1346 903 1413 corporis
950 1340 1269 1392 membrana
1306 1343 1564 1412 utrinque
1600 1339 1930 1403 tenuissima,

357 1441 525 1494 cauda
562 1444 726 1492 maris
764 1444 908 1511 spira
954 1439 1254 1510 subtriplici
1299 1439 1458 1505 laxa,
1495 1438 1588 1490 alis
1625 1436 1928 1502 latiusculiS‚

358 1541 527 1594 cauda
561 1539 767 1591 femina
803 1538 1063 1604 subrecta,
1103 1538 1305 1591 obtusa.

492 1658 653 1712 Hab.
736 1659 883 1712 Lari
936 1662 1178 1713 maximi
1224 1657 1298 1731 (Ρ)
1360 1654 1655 1727 oesophagi
1712 1659 1927 1708 tunicae

355 1763 598 1813 internae
633 1758 945 1809 firmissime
980 1758 1214 1808 infixum
1254 1775 1352 1826 ego
1393 1759 1668 1825 specimen
1703 1759 1929 1806 unicum

357 1859 407 1914 d.
446 1863 529 1915 15.
577 1856 785 1909 Novbr.
836 1861 989 1921 1822,
1034 1854 1354 1906 SCHILLING
1402 1863 1582 1904 autem
1622 1855 1777 1911 1824.
1812 1872 1929 1905 non

355 1958 503 2011 nulla
548 1960 607 2007 in
654 1954 964 2026 oesophago
1017 1954 1161 2005 Lari
1206 1953 1640 2024 argentacoz‘dz's
1688 1962 1740 2004 et
1776 1971 1928 2005 com-

353 2057 509 2129 plura
544 2058 603 2104 in
625 2052 1025 2124 proventriculo
1051 2051 1195 2103 Lari
1219 2056 1516 2123 argentaci
1549 2052 1624 2122 (d.
1654 2056 1735 2108 18.
1761 2049 1924 2123 Apr.)
1993 2098 1996 2102 ,

358 2165 411 2209 et
443 2151 833 2207 in'ventriculo
872 2151 1015 2203 Lari
1050 2150 1230 2202 medii
1272 2154 1593 2222 reperimus,

495 2275 549 2326 D
567 2290 725 2324 escr.
772 2269 1066 2324 Vermium
1093 2268 1339 2322 alborum
1361 2279 1411 2322 et
1434 2288 1538 2341 pro
1563 2287 1719 2322 more
1746 2272 1923 2340 spiro-

356 2386 633 2448 pterarum
679 2374 803 2423 satis
839 2373 1083 2421 tenuium
1118 2387 1296 2421 mares
1346 2372 1555 2421 circiter
1600 2380 1708 2421 tres
1755 2367 1921 2420 lineas

359 2494 486 2527 cum
522 2471 686 2524 tribus
724 2472 921 2541 quartis
959 2448 1195 2536 ejusdem
1229 2467 1468 2540 partibus
1505 2486 1673 2539 usque
1697 2466 1767 2518 ad
1792 2484 1923 2537 qua-

280 2609 282 2611 -
358 2584 482 2626 tuor
518 2571 683 2622 lineas
712 2587 836 2618 eum
868 2587 974 2634 una
1007 2566 1163 2634 hujus
1202 2577 1389 2637 quarta
1424 2576 1593 2638 parte,
1617 2564 1854 2617 feminae
1889 2582 1918 2615 a

359 2674 594 2743 quinque
623 2667 700 2720 ¹ad
737 2677 857 2721 octo
894 2667 1077 2732 lineaS,
1115 2674 1167 2716 et
1202 2664 1351 2736 quod
1389 2664 1616 2728 excedit,
1651 2664 1813 2732 longi.

504 2770 725 2841 Corpus
768 2766 1096 2818 feminarum
1153 2772 1457 2815 antrorsum
1509 2766 1702 2833 magi5‚
1757 2780 1918 2832 quam

358 2880 682 2934 retrorsum,
749 2866 841 2919 sed
892 2882 1187 2938 perparum
1235 2871 1591 2928 attenuatum,
1645 2869 1916 2913 caeterum

472 3115 510 3169 ⁸)
540 3114 759 3153 Entozool.
788 3109 823 3152 I.
851 3126 893 3165 p.
920 3109 1019 3152 287.
1048 3107 1101 3151 II.
1133 3107 1169 3151 1.
1198 3122 1240 3160 p.
1269 3106 1335 3150 90.
