2090 3568
592 205 1121 294 ‘...45-..

97 412 253 457 vocat
297 402 686 473 posteriorem,
734 397 984 452 conferre
1029 414 1273 469 nequeO,
1319 418 1440 454 cum
1476 407 1674 475 prioris

97 503 326 554 auctoris
376 499 617 551 Historia
663 496 916 550 naturalis
964 495 1421 549 enthelminthum
1457 518 1570 554 non
1606 503 1675 556 ad

96 618 289 653 manus
327 601 423 663 sit,
474 601 533 649 in
570 616 673 669 qua
708 595 892 650 forsan
931 593 1232 649 observatio
1272 594 1410 646 dicta
1448 596 1677 651 offendi-

95 708 197 750 tur.
269 696 334 748 In
381 713 547 767 opere
591 699 773 767 primo
824 695 966 747 edito
1015 704 1195 747 autem
1243 694 1447 765 (erster
1494 695 1677 748 Nach-

96 796 252 868 trag),
288 794 435 846 unde
470 794 644 847 foetus
680 797 822 873 parti
859 797 978 859 sint,
1016 812 1130 845 non
1166 791 1499 845 describitur.

237 890 388 945 Obs.
435 898 485 951 2.
558 892 622 943 In
678 889 1208 964 Amphistomatibus
1253 894 1519 962 urnigeris
1566 897 1678 965 spi-

93 996 213 1047 ritu
234 997 346 1047 vini
383 994 604 1060 servatis
641 1006 744 1040 nec
792 1000 907 1042 rete
955 1000 1243 1042 cutaneum
1292 988 1376 1062 (v.
1430 990 1678 1044 subcuta—

91 1092 308 1162 neum),
345 1107 450 1142 nec
499 1087 708 1139 canales
744 1087 1183 1159 longitudinaleS‚
1239 1106 1473 1159 quorum
1524 1109 1675 1142 com-

91 1192 383 1243 municatio
420 1185 562 1239 infra
600 1204 802 1258 porum
839 1191 1095 1253 anticum,
1131 1188 1254 1239 licet
1277 1192 1521 1243 :maxime
1544 1209 1677 1261 pro-

92 1288 277 1340 babilis
317 1292 399 1353 sit,
436 1284 573 1337 mihi
597 1294 782 1338 tamen
805 1285 1084 1358 hucusque
1109 1306 1223 1339 non
1259 1291 1370 1342 visa
1411 1297 1504 1355 esf,
1544 1307 1676 1342 con-

96 1390 228 1460 spici
264 1394 505 1458 possunt.

559 1604 1201 1665 Distoma.

386 1740 434 1798 I,
510 1739 949 1811 Species
1024 1758 1376 1796 novae.

142 1913 152 1920 -
185 1887 237 1946 1.
301 1884 641 1943 Distoma
685 1906 1088 1945 concavum
1132 1885 1293 1944 mihi.
1329 1886 1468 1967 (Fig.
1504 1892 1559 1951 7.
1593 1890 1673 1966 ὃ.)

231 2005 302 2063 Ι),
343 2005 586 2076 planum,
623 1998 934 2075 irregulare,
973 2006 1114 2057 collo
1142 2010 1360 2077 corpori
1398 2006 1674 2061 latitudine

89 2102 418 2174 subaequali,
483 2121 749 2173 pororum
803 2108 1300 2158 remotissimorum
1357 2110 1534 2159 antico
1590 2112 1673 2160 in—

87 2200 204 2254 fero
243 2200 545 2267 orbiculari,
585 2203 812 2254 ventrali
847 2202 1055 2269 majore
1093 2203 1519 2259 subtransverSO.

226 2299 391 2352 Hah.
475 2299 535 2352 In
572 2305 824 2354 intestino
862 2313 1010 2355 recto
1053 2306 1323 2376 Cogymbi
1359 2306 1673 2378 rufogula-

86 2403 168 2452 ‘ris
207 2399 257 2456 d,
308 2404 394 2456 28.
444 2398 652 2452 Novbr.
695 2404 849 2458 1823.
890 2412 940 2452 et
975 2406 1033 2452 in
1069 2407 1161 2453 int.
1201 2407 1349 2454 tenui
1389 2414 1440 2455 et
1478 2411 1670 2472 coecis,

87 2501 407 2568 praesertim
443 2500 500 2547 in
536 2500 708 2567 priori
738 2495 925 2550 Anatis
950 2499 1404 2553 HORNSCHUCHII
1440 2503 1668 2557 Bssmm.

88 2596 136 2647 d.
190 2600 270 2654 19.
309 2595 500 2648 Martii
540 2597 693 2654 1824.
733 2596 901 2649 multa
938 2595 1139 2650 horum
1174 2600 1546 2654 Distomatum
1587 2601 1668 2655 of-

85 2693 253 2751 fendi,

224 2793 454 2847 Descr.
529 2793 764 2847 Vermes
810 2800 868 2848 in
916 2794 1092 2849 Anate
1139 2803 1419 2852 nominata
1463 2807 1666 2873 reperti

86 2899 192 2943 tres
229 2902 444 2964 quartas
481 2894 657 2945 lineae
692 2904 870 2966 partes
909 2898 1121 2948 circiter
1169 2898 1469 2971 (majores)
1516 2900 1662 2970 longi

90 2998 142 3040 et
178 2993 315 3044 circa
349 2989 550 3046 lineam
599 2993 876 3045 dimidiam
923 2993 1041 3060 lati,
1085 2997 1144 3046 in
1192 2997 1466 3069 Colymbo
1518 2999 1660 3051 dicto

87 3090 291 3140 inventi
344 3090 427 3143 his
483 3101 626 3144 certe
683 3091 846 3169 duplo
911 3096 1179 3164 minoreS,
1246 3115 1435 3149 omnes
1496 3097 1658 3169 plani,

87 3184 206 3253 albi,
244 3192 434 3242 ovariis
470 3189 649 3244 fuscis·
