2090 3568
682 177 1139 234 ...71-

116 337 270 391 vebat
319 349 368 391 et
404 337 831 412 contorquebat,
877 336 1066 409 hisque
1113 337 1347 389 motibus
1394 349 1686 400 maximam

116 456 363 488 ovorum
402 441 615 507 copiam
653 435 961 488 demittebat
985 435 1448 508 subglobosorum‚
1486 452 1542 492 ut
1576 454 1681 496 tota

113 554 247 606 aqua
285 535 412 586 inde
449 534 659 587 turbida
697 534 889 586 fieret.-

254 633 409 685 Obs.
460 638 509 692 3.
611 634 785 700 Hujus
850 637 1050 686 vermis
1116 645 1275 705 caput
1342 639 1457 687 sine
1520 637 1678 689 dubio

110 734 180 790 O,
220 731 273 783 F.
312 732 571 784 MiiLLER
591 733 647 803 ᾗ)
696 733 850 795 vidit,
898 751 1024 784 cum
1072 731 1532 804 Bothriocephalo
1571 736 1677 788 cla-

106 833 352 900 vaecipiti
389 831 662 902 (Taeniae
709 829 990 900 Anguillae
1039 831 1137 881 sibi
1185 831 1354 895 dicto7
1413 852 1441 883 a
1496 844 1675 886 nostra

105 933 278 979 taenia
341 928 591 979 omnibus
650 933 789 980 notis
837 929 1233 1002 diversissimo)
1280 941 1438 1001 caput
1487 933 1676 984 osculis

106 1016 336 1101 quatuor
371 1031 691 1077 instructum
731 1025 1069 1083 adscriberet

187 1223 243 1275 2.
313 1212 594 1271 Taenia
653 1216 1173 1295 leptocephala
1225 1217 1386 1275 mihi.

243 1335 311 1386 T.
352 1337 522 1404 capite
560 1339 736 1400 tenui,
775 1337 965 1387 osculis
1004 1338 1259 1388 maximis
1296 1337 1545 1406 globosis,
1581 1357 1672 1389 1‘0—

101 1435 248 1485 stello
288 1437 478 1485 conico
516 1444 761 1485 truncato
799 1437 1015 1499 inermi,
1054 1433 1188 1485 collo
1229 1437 1496 1487 continuo'
1523 1436 1665 1488 elon«

99 1543 239 1602 gato,
276 1532 508 1583 articulis
546 1532 796 1583 omnibus
835 1532 1098 1585 brevibus.

238 1629 401 1681 Hab.
479 1630 659 1680 Semel
696 1630 770 1700 (d.
813 1635 895 1688 19,
925 1629 1060 1701 Apr.
1103 1630 1281 1700 1822.)
1319 1636 1375 1681 in
1412 1634 1504 1681 int.
1530 1630 1665 1682 Mu—

99 1734 174 1780 ris
216 1726 468 1780 Mascubi
506 1726 707 1778 offendi
745 1728 899 1793 hujus
938 1729 1176 1778 Taeniae
1215 1728 1320 1778 duo
1359 1731 1666 1796 specimina,

98 1844 330 1895 quorum
386 1825 609 1875 alterum
666 1825 841 1876 solum
907 1842 1029 1876 cum
1088 1827 1260 1895 capite
1319 1830 1554 1890 extraxi,
1616 1835 1664 1875 et

95 1923 459 1993 fragmentum
498 1926 741 1992 corporis
780 1926 983 1992 postici.

236 2021 702 2088 Descripcz'onem
743 2000 877 2071 dare¹
909 2030 1123 2071 coactus
1161 2038 1280 2070 sum
1319 2020 1385 2070 de
1413 2022 1662 2089 specimi-

92 2118 248 2171 nibus
303 2118 403 2169 illis
457 2118 563 2182 jam
616 2137 716 2188 per
771 2118 1044 2188 quoddam
1098 2127 1308 2188 tempus
1364 2121 1420 2168 in
1476 2119 1663 2186 spiritu

94 2221 203 2269 vini
242 2219 477 2280 servatis»,
517 2235 642 2268 cum
677 2221 976 2269 recentium
1004 2215 1486 2268 examinandorum
1521 2224 1661 2268 tem-

92 2333 191 2385 pus
229 2314 494 2366 deficeret.

232 2411 576 2482 Longicudo
616 2415 814 2463 vermis
853 2415 1020 2481 capite
1058 2410 1233 2463 adhuc
1269 2411 1544 2480 gaudentis
1571 2427 1660 2461 ae-

92 2519 218 2582 quat
264 2510 453 2561 decem
502 2508 568 2559 ad
615 2509 864 2560 undecim
912 2509 1159 2581 polliceS‚
1220 2509 1430 2560 alterius
1487 2511 1658 2579 capite

90 2614 231 2682 privi
268 2626 468 2662 novem
506 2610 727 2659 circiter.
798 2607 1112 2675 Lacicztd0‚
1162 2625 1193 2658 a
1241 2605 1410 2659 cauda
1454 2606 1521 2658 ad
1570 2623 1657 2657 ca-

91 2718 186 2777 put
224 2725 439 2778 semper
476 2705 816 2774 decrescens,
861 2710 1129 2771 maxima,
1177 2708 1378 2777 postica
1415 2708 1473 2756 in
1509 2711 1658 2776 parte

91 2806 289 2857 lineam
323 2824 518 2877 parum
556 2805 779 2858 excedit.
856 2806 1037 2871 vColor
1075 2804 1237 2856 albus.

54 3060 64 3065 c
203 3016 234 3070 *)
264 3018 359 3061 Vid.
390 3020 598 3062 Schriften
628 3019 737 3059 Berl.
766 3020 930 3060 Naturf.
970 3019 1006 3062 1.
1044 3036 1087 3076 p.
1121 3018 1219 3063 208.
1264 3020 1331 3060 cit.
1360 3019 1404 3058 in
1434 3018 1652 3057 Renoua.-

98 3096 427 3149 Entozoologiae
457 3097 509 3139 T.
539 3099 592 3138 11.
627 3095 674 3137 P.
703 3095 744 3141 2.
773 3113 815 3151 p.
845 3096 915 3139 39.
