2090 3568
914 222 995 233 ...
1125 199 1164 251 2
1295 218 1376 233 ...-

499 359 724 430 Corpus
758 365 1054 409 retrorsum
1092 358 1295 407 sensim
1345 362 1706 417 attenuatum,
1752 355 1926 404 antice

354 461 534 513 minus
585 465 637 509 et
682 456 901 528 quidem
949 456 1198 507 ultimam
1252 449 1463 505 tantum
1524 449 1703 523 quoad
1758 449 1927 503 finem

351 559 683 633 pollicarem,
721 557 972 625 utrinque
1010 551 1280 618 obtusum,
1318 551 1611 608 elasticum,
1676 548 1754 601 Os
1792 549 1928 600 duo-

351 657 449 710 bus
487 657 638 728 quasi
673 651 822 704 labiis
856 649 1287 722 prominentibus
1335 649 1632 713 inclusum,
1678 649 1926 700 indistin-

351 766 521 810 ctum.
553 750 642 804 Ab
664 769 759 803 ore
797 759 1025 820 quatuor
1049 749 1223 799 lineae
1250 748 1501 812 elevatae,
1540 749 1598 798 in
1628 751 1926 816 specimine

294 875 297 880 ·
351 858 566 908 minore
626 845 915 920 praecipue
977 848 1256 898 distinctae
1316 846 1384 898 ad
1451 855 1680 916 quatuor
1741 849 1927 916 capitis

358 955 428 1026 (si
476 952 643 1004 finem
691 951 923 1000 anticam
968 949 1041 998 ita
1088 963 1282 998 vocare
1329 945 1475 1017 licet)
1521 945 1691 996 latera
1736 944 1927 995 decur-

348 1058 495 1115 runt,
531 1066 667 1100 mox
699 1056 882 1117 autem
922 1053 1265 1097 evanescunt.
1306 1041 1476 1096 Anus
1515 1053 1565 1095 et
1601 1045 1789 1096 vulva
1813 1061 1929 1094 non

350 1146 734 1218 conspiciendi.
796 1145 1038 1198 Canalis
1075 1146 1431 1197 intestinalis
1467 1143 1767 1207 scm-latini,
1805 1161 1928 1192 san-

346 1250 526 1318 guinei
588 1254 677 1295 aut
736 1242 1190 1295 rubro-brunnei
1241 1242 1343 1307 fili,
1404 1245 1605 1312 passim
1668 1242 1927 1302 occultati,

345 1350 515 1398 instar
552 1341 617 1394 ab
655 1358 752 1393 ore
790 1342 858 1393 ad
897 1340 1123 1393 caudam
1163 1340 1412 1392 decurrit.
1495 1341 1799 1392 Genitalicz
1836 1342 1972 1414 in-a-

346 1459 517 1498 cerna
563 1444 682 1511 pari
718 1440 886 1492 modo
924 1440 1045 1491 albo
1086 1440 1266 1492 colore
1302 1439 1644 1491 translucent.
1740 1438 1747 1440 ξ

487 1539 638 1593 Obs.
679 1543 727 1595 1.
786 1538 873 1589 De
911 1541 1014 1589 situ
1050 1541 1108 1589 in
1144 1537 1366 1589 thorace
1404 1542 1514 1589 avis
1554 1538 1724 1590 dictae
1770 1547 1928 1588 natu-

344 1640 458 1705 rali‚
495 1655 727 1690 numero
767 1646 818 1687 et
853 1637 1224 1707 magnitudine
1255 1635 1458 1702 'harum
1494 1635 1809 1688 Filariarum
1860 1637 1924 1693 cl,

343 1740 639 1801 BARKOW‚
687 1737 963 1804 sequentia
1008 1738 1066 1786 in
1112 1733 1596 1804 litterisvbenevole
1635 1734 1771 1786 mihi
1816 1744 1927 1786 tra-

343 1818 500 1889 diditi

488 1929 743 1996 „Filariae
790 1932 849 1980 in
897 1932 1012 1979 cavi
1062 1927 1295 1981 thoracis
1332 1916 1605 1984 ¹Ciconiae
1652 1935 1837 2003 nigrae
1878 1941 1928 1983 et

345 2031 538 2083 dextro
602 2037 653 2080 et
713 2030 928 2079 sinistro
989 2027 1154 2079 latere
1211 2028 1413 2093 jacent,
1463 2033 1521 2080 in
1580 2030 1687 2082 hoc
1743 2041 1928 2082 tamen

341 2128 513 2183 multo
557 2126 762 2192 majore
799 2143 1057 2190 numem,
1098 2145 1263 2198 quam
1298 2130 1357 2177 in
1381 2127 1491 2193 illo,
1538 2127 1629 2179 ubi
1666 2128 1924 2180 nonnulla

344 2244 541 2300 parvae
578 2234 784 2276 tantum
821 2228 960 2296 inter
996 2227 1235 2295 primam
1276 2236 1482 2278 costam
1531 2237 1581 2279 et
1629 2227 1924 2278 secundam

349 2344 529 2397 prope
574 2324 847 2377 vertebras
900 2323 1261 2375 offenduntur.
1359 2325 1421 2376 In
1481 2326 1645 2377 latere
1708 2329 1922 2399 sinistro

338 2441 560 2477 vermes
599 2442 711 2474 non
748 2423 923 2474 solum
960 2422 1129 2474 multo
1177 2422 1566 2493 frequentiores
1617 2423 1711 2475 sed
1762 2427 1925 2475 etiam

339 2522 518 2573 multo
564 2520 795 2585 majores
845 2538 960 2571 sese
1010 2521 1304 2572 extendunt
1352 2541 1380 2573 a
1430 2533 1611 2576 sterno
1650 2542 1818 2594 usque
1856 2522 1924 2575 ad

349 2619 660 2670 columnam
698 2615 1082 2680 vertebrarum,
1120 2617 1482 2687 multipliciter
1516 2625 1656 2671 inter
1692 2639 1749 2671 se
1786 2623 1921 2671 c'on-

338 2720 471 2771 torti
518 2725 640 2766 sunt
688 2725 738 2765 et
785 2718 1059 2767 sinistrum
1108 2717 1512 2787 circumplicant
1547 2717 1795 2770 tracheae
1833 2736 1924 2770 ra-

348 2833 517 2867 mum.
592 2812 768 2883 Supra
802 2812 1021 2864 Filariae
1055 2800 1116 2865 in'
1149 2817 1345 2864 sinistri
1390 2815 1567 2866 lateris
1614 2820 1916 2887 posteriore

335 2920 500 2984 parte
545 2911 684 2963 ultra
743 2920 947 2981 costam
995 2915 1206 2964 tertiam
1255 2923 1548 2965 excurrunt
1597 2922 1647 2966 et
1693 2925 1812 2967 tum
1858 2919 1917 2966 in

337 3009 457 3074 hoe,
493 3028 619 3062 cum
652 3013 711 3061 in
747 3008 937 3062 dextro
973 3009 1136 3062 latere
1171 3013 1311 3062 inter
1343 3028 1697 3082 processuum
1721 3021 1895 3077 trans,

337 3127 613 3160 versorum
658 3106 1024 3161 vertebrarum
1070 3091 1362 3162 dorsalium
1408 3110 1748 3180 superficiem
1798 3129 1895 3162 an-
