<?xml version="1.0" encoding="UTF-8"?>
<!DOCTYPE html PUBLIC "-//W3C//DTD XHTML 1.0 Transitional//EN"
    "http://www.w3.org/TR/xhtml1/DTD/xhtml1-transitional.dtd">
<html xmlns="http://www.w3.org/1999/xhtml" xml:lang="en" lang="en">
 <head>
  <title>
</title>
<meta http-equiv="Content-Type" content="text/html;charset=utf-8" />
  <meta name='ocr-system' content='tesseract 3.04.00' />
  <meta name='ocr-capabilities' content='ocr_page ocr_carea ocr_par ocr_line ocrx_word'/>
</head>
<body>
  <div class='ocr_page' id='page_1' title='image "./observationesdee00crep_0021.png"; bbox 0 0 2090 3568; ppageno 0'>
   <div class='ocr_carea' id='block_1_1' title="bbox 711 167 1169 223">
    <p class='ocr_par' dir='ltr' id='par_1_1' title="bbox 711 167 1169 223">
     <span class='ocr_line' id='line_1_1' title="bbox 711 167 1169 223; baseline 0.007 -19"><span class='ocrx_word' id='word_1_1' title='bbox 711 167 1169 223; x_wconf 74' lang='grc'>.-.7....</span> 
     </span>
    </p>
   </div>
   <div class='ocr_carea' id='block_1_2' title="bbox 161 325 1723 498">
    <p class='ocr_par' dir='ltr' id='par_1_2' title="bbox 161 325 1723 498">
     <span class='ocr_line' id='line_1_2' title="bbox 161 325 1723 410; baseline 0.01 -33"><span class='ocrx_word' id='word_1_2' title='bbox 161 334 368 377; x_wconf 81' lang='lat' dir='ltr'><strong>tantum</strong></span> <span class='ocrx_word' id='word_1_3' title='bbox 407 332 457 376; x_wconf 88' lang='lat' dir='ltr'><strong>et</strong></span> <span class='ocrx_word' id='word_1_4' title='bbox 491 333 706 394; x_wconf 82' lang='lat' dir='ltr'><strong>ruptam</strong></span> <span class='ocrx_word' id='word_1_5' title='bbox 742 325 888 389; x_wconf 86' lang='lat' dir='ltr'><strong>vidit,</strong></span> <span class='ocrx_word' id='word_1_6' title='bbox 927 326 1179 377; x_wconf 85' lang='lat' dir='ltr'><strong>ulteriore</strong></span> <span class='ocrx_word' id='word_1_7' title='bbox 1218 337 1467 388; x_wconf 82' lang='lat' dir='ltr'><strong>examine</strong></span> <span class='ocrx_word' id='word_1_8' title='bbox 1503 337 1723 410; x_wconf 60' lang='lat' dir='ltr'><strong>indige*q</strong></span> 
     </span>
     <span class='ocr_line' id='line_1_3' title="bbox 162 420 1330 498; baseline 0.001 -23"><span class='ocrx_word' id='word_1_9' title='bbox 162 442 272 498; x_wconf 85' lang='lat' dir='ltr'><strong>quo</strong></span> <span class='ocrx_word' id='word_1_10' title='bbox 309 422 497 475; x_wconf 88' lang='lat' dir='ltr'><strong>melius</strong></span> <span class='ocrx_word' id='word_1_11' title='bbox 534 420 635 472; x_wconf 83' lang='lat' dir='ltr'><strong>hac</strong></span> <span class='ocrx_word' id='word_1_12' title='bbox 672 420 740 473; x_wconf 87' lang='lat' dir='ltr'><strong>de</strong></span> <span class='ocrx_word' id='word_1_13' title='bbox 773 440 835 474; x_wconf 85' lang='lat' dir='ltr'><strong>re</strong></span> <span class='ocrx_word' id='word_1_14' title='bbox 869 422 1212 489; x_wconf 80' lang='lat' dir='ltr'><strong>judicandum</strong></span> <span class='ocrx_word' id='word_1_15' title='bbox 1250 429 1330 476; x_wconf 88' lang='lat' dir='ltr'><strong>sit.</strong></span> 
     </span>
    </p>
   </div>
   <div class='ocr_carea' id='block_1_3' title="bbox 512 623 1375 706">
    <p class='ocr_par' dir='ltr' id='par_1_3' title="bbox 512 623 1375 706">
     <span class='ocr_line' id='line_1_4' title="bbox 512 623 1375 706; baseline 0.001 -21"><span class='ocrx_word' id='word_1_16' title='bbox 512 623 1375 706; x_wconf 65' lang='lat' dir='ltr'><strong>Trichocephalus.</strong></span> 
     </span>
    </p>
   </div>
   <div class='ocr_carea' id='block_1_4' title="bbox 249 774 1641 847">
    <p class='ocr_par' dir='ltr' id='par_1_4' title="bbox 249 774 1641 847">
     <span class='ocr_line' id='line_1_5' title="bbox 249 774 1641 847; baseline 0.002 -19"><span class='ocrx_word' id='word_1_17' title='bbox 249 776 696 830; x_wconf 77' lang='lat' dir='ltr'><em>Observationes</em></span> <span class='ocrx_word' id='word_1_18' title='bbox 742 775 816 827; x_wconf 83' lang='lat' dir='ltr'><strong>de</strong></span> <span class='ocrx_word' id='word_1_19' title='bbox 875 774 1331 847; x_wconf 74' lang='lat' dir='ltr'><strong>Triclzocephalo</strong></span> <span class='ocrx_word' id='word_1_20' title='bbox 1379 794 1641 838; x_wconf 75' lang='grc' dir='ltr'><strong>ενεηαιο.</strong></span> 
     </span>
    </p>
   </div>
   <div class='ocr_carea' id='block_1_5' title="bbox 139 900 1718 2843">
    <p class='ocr_par' dir='ltr' id='par_1_5' title="bbox 145 900 1718 1856">
     <span class='ocr_line' id='line_1_6' title="bbox 296 900 1718 975; baseline 0.001 -19"><span class='ocrx_word' id='word_1_21' title='bbox 296 903 470 971; x_wconf 86' lang='lat' dir='ltr'><strong>Hujus</strong></span> <span class='ocrx_word' id='word_1_22' title='bbox 532 900 951 971; x_wconf 83' lang='lat' dir='ltr'><strong>Trichocephali</strong></span> <span class='ocrx_word' id='word_1_23' title='bbox 1008 907 1220 975; x_wconf 83' lang='lat' dir='ltr'><strong>copiam</strong></span> <span class='ocrx_word' id='word_1_24' title='bbox 1266 908 1621 975; x_wconf 85' lang='lat' dir='ltr'><strong>speciminum</strong></span> <span class='ocrx_word' id='word_1_25' title='bbox 1669 905 1718 957; x_wconf 87' lang='lat' dir='ltr'><strong>d.</strong></span> 
     </span>
     <span class='ocr_line' id='line_1_7' title="bbox 158 1001 1718 1062; baseline 0.002 -11"><span class='ocrx_word' id='word_1_26' title='bbox 158 1009 241 1062; x_wconf 86' lang='lat'><strong>29.</strong></span> <span class='ocrx_word' id='word_1_27' title='bbox 278 1002 396 1052; x_wconf 83' lang='lat' dir='ltr'><strong>Jan.</strong></span> <span class='ocrx_word' id='word_1_28' title='bbox 444 1004 597 1057; x_wconf 74' lang='lat'><strong>1823.</strong></span> <span class='ocrx_word' id='word_1_29' title='bbox 644 1001 703 1049; x_wconf 88' lang='lat' dir='ltr'><strong>in</strong></span> <span class='ocrx_word' id='word_1_30' title='bbox 751 1003 928 1057; x_wconf 83' lang='lat' dir='ltr'><strong>intest,</strong></span> <span class='ocrx_word' id='word_1_31' title='bbox 977 1006 1166 1053; x_wconf 81' lang='lat' dir='ltr'><strong>crassis</strong></span> <span class='ocrx_word' id='word_1_32' title='bbox 1212 1004 1395 1056; x_wconf 82' lang='lat' dir='ltr'><strong>Porci</strong></span> <span class='ocrx_word' id='word_1_33' title='bbox 1438 1004 1718 1055; x_wconf 83' lang='lat' dir='ltr'>domestici</span> 
     </span>
     <span class='ocr_line' id='line_1_8' title="bbox 154 1097 1718 1167; baseline 0.001 -15"><span class='ocrx_word' id='word_1_34' title='bbox 154 1102 348 1162; x_wconf 78' lang='lat' dir='ltr'><strong>inveni,</strong></span> <span class='ocrx_word' id='word_1_35' title='bbox 387 1107 438 1149; x_wconf 82' lang='lat' dir='ltr'><strong>et</strong></span> <span class='ocrx_word' id='word_1_36' title='bbox 471 1097 663 1150; x_wconf 82' lang='lat' dir='ltr'><strong>formis</strong></span> <span class='ocrx_word' id='word_1_37' title='bbox 702 1115 923 1165; x_wconf 75' lang='lat' dir='ltr'><strong>eorum,</strong></span> <span class='ocrx_word' id='word_1_38' title='bbox 961 1098 1092 1152; x_wconf 90' lang='lat' dir='ltr'><strong>dum</strong></span> <span class='ocrx_word' id='word_1_39' title='bbox 1138 1106 1503 1154; x_wconf 81' lang='lat' dir='ltr'><strong>recentissima</strong></span> <span class='ocrx_word' id='word_1_40' title='bbox 1553 1111 1718 1167; x_wconf 83' lang='lat' dir='ltr'><strong>erant,</strong></span> 
     </span>
     <span class='ocr_line' id='line_1_9' title="bbox 151 1195 1717 1271; baseline 0.002 -22"><span class='ocrx_word' id='word_1_41' title='bbox 151 1208 335 1261; x_wconf 58' lang='lat' dir='ltr'><strong>exacte</strong></span> <span class='ocrx_word' id='word_1_42' title='bbox 373 1195 679 1261; x_wconf 71' lang='lat' dir='ltr'><strong>observatis,</strong></span> <span class='ocrx_word' id='word_1_43' title='bbox 714 1199 924 1269; x_wconf 84' lang='lat' dir='ltr'><strong>priores</strong></span> <span class='ocrx_word' id='word_1_44' title='bbox 961 1218 992 1251; x_wconf 87' lang='lat' dir='ltr'><strong>a</strong></span> <span class='ocrx_word' id='word_1_45' title='bbox 1029 1200 1123 1258; x_wconf 83' lang='lat' dir='ltr'><strong>cel,</strong></span> <span class='ocrx_word' id='word_1_46' title='bbox 1150 1200 1425 1271; x_wconf 81' lang='lat' dir='ltr'><strong>quondam</strong></span> <span class='ocrx_word' id='word_1_47' title='bbox 1452 1200 1717 1270; x_wconf 56' lang='lat' dir='ltr'>GOEZE*)</span> 
     </span>
     <span class='ocr_line' id='line_1_10' title="bbox 152 1278 1716 1372; baseline 0.001 -24"><span class='ocrx_word' id='word_1_48' title='bbox 152 1307 203 1348; x_wconf 85' lang='lat' dir='ltr'><strong>et</strong></span> <span class='ocrx_word' id='word_1_49' title='bbox 237 1316 266 1348; x_wconf 84' lang='lat' dir='ltr'><strong>a</strong></span> <span class='ocrx_word' id='word_1_50' title='bbox 303 1298 544 1347; x_wconf 82' lang='lat' dir='ltr'><strong>maxime</strong></span> <span class='ocrx_word' id='word_1_51' title='bbox 581 1278 776 1346; x_wconf 84' lang='lat' dir='ltr'><strong>merito</strong></span> <span class='ocrx_word' id='word_1_52' title='bbox 814 1295 1232 1372; x_wconf 55' lang='lat' dir='ltr'>RUDOLPHI’**)</span> <span class='ocrx_word' id='word_1_53' title='bbox 1280 1299 1428 1350; x_wconf 80' lang='lat' dir='ltr'><strong>datas</strong></span> <span class='ocrx_word' id='word_1_54' title='bbox 1477 1298 1716 1370; x_wconf 85' lang='lat' dir='ltr'><strong>descrip-</strong></span> 
     </span>
     <span class='ocr_line' id='line_1_11' title="bbox 148 1388 1716 1469; baseline 0.001 -22"><span class='ocrx_word' id='word_1_55' title='bbox 148 1398 318 1447; x_wconf 72' lang='lat' dir='ltr'><strong>tiones</strong></span> <span class='ocrx_word' id='word_1_56' title='bbox 365 1390 454 1446; x_wconf 77' lang='lat' dir='ltr'><strong>hic</strong></span> <span class='ocrx_word' id='word_1_57' title='bbox 501 1403 554 1445; x_wconf 84' lang='lat' dir='ltr'><strong>et</strong></span> <span class='ocrx_word' id='word_1_58' title='bbox 598 1388 705 1445; x_wconf 83' lang='lat' dir='ltr'><strong>illic</strong></span> <span class='ocrx_word' id='word_1_59' title='bbox 751 1397 1000 1464; x_wconf 88' lang='lat' dir='ltr'><strong>supplere</strong></span> <span class='ocrx_word' id='word_1_60' title='bbox 1046 1408 1254 1469; x_wconf 79' lang='lat' dir='ltr'><strong>potero.</strong></span> <span class='ocrx_word' id='word_1_61' title='bbox 1352 1397 1564 1449; x_wconf 82' lang='lat' dir='ltr'>GOEZII</span> <span class='ocrx_word' id='word_1_62' title='bbox 1622 1396 1716 1448; x_wconf 89' lang='lat' dir='ltr'><strong>de—</strong></span> 
     </span>
     <span class='ocr_line' id='line_1_12' title="bbox 150 1492 1714 1564; baseline 0 -19"><span class='ocrx_word' id='word_1_63' title='bbox 150 1496 367 1564; x_wconf 71' lang='lat' dir='ltr'><strong>scriptio</strong></span> <span class='ocrx_word' id='word_1_64' title='bbox 427 1496 651 1545; x_wconf 88' lang='lat' dir='ltr'><strong>omnino</strong></span> <span class='ocrx_word' id='word_1_65' title='bbox 708 1509 902 1543; x_wconf 84' lang='lat' dir='ltr'><strong>manca</strong></span> <span class='ocrx_word' id='word_1_66' title='bbox 951 1504 1043 1557; x_wconf 78' lang='lat' dir='ltr'><strong>est,</strong></span> <span class='ocrx_word' id='word_1_67' title='bbox 1086 1492 1397 1545; x_wconf 85' lang='lat' dir='ltr'>RUDOLPHI</span> <span class='ocrx_word' id='word_1_68' title='bbox 1443 1502 1623 1545; x_wconf 83' lang='lat' dir='ltr'><strong>autem</strong></span> <span class='ocrx_word' id='word_1_69' title='bbox 1657 1498 1714 1545; x_wconf 87' lang='lat' dir='ltr'><strong>in</strong></span> 
     </span>
     <span class='ocr_line' id='line_1_13' title="bbox 148 1589 1714 1663; baseline 0.001 -20"><span class='ocrx_word' id='word_1_70' title='bbox 148 1596 348 1644; x_wconf 84' lang='lat' dir='ltr'><strong>minori</strong></span> <span class='ocrx_word' id='word_1_71' title='bbox 385 1595 540 1662; x_wconf 86' lang='lat' dir='ltr'><strong>copia</strong></span> <span class='ocrx_word' id='word_1_72' title='bbox 579 1602 630 1643; x_wconf 73' lang='lat' dir='ltr'><strong>et</strong></span> <span class='ocrx_word' id='word_1_73' title='bbox 674 1594 734 1641; x_wconf 87' lang='lat' dir='ltr'><strong>in</strong></span> <span class='ocrx_word' id='word_1_74' title='bbox 776 1589 1047 1642; x_wconf 82' lang='lat' dir='ltr'><strong>vermibus</strong></span> <span class='ocrx_word' id='word_1_75' title='bbox 1095 1594 1284 1663; x_wconf 76' lang='lat' dir='ltr'><strong>spiritu</strong></span> <span class='ocrx_word' id='word_1_76' title='bbox 1331 1595 1550 1644; x_wconf 75' lang='lat' dir='ltr'><strong>servatis</strong></span> <span class='ocrx_word' id='word_1_77' title='bbox 1594 1610 1714 1644; x_wconf 89' lang='lat' dir='ltr'><strong>om-</strong></span> 
     </span>
     <span class='ocr_line' id='line_1_14' title="bbox 146 1687 1714 1762; baseline 0.001 -22"><span class='ocrx_word' id='word_1_78' title='bbox 146 1692 233 1740; x_wconf 83' lang='lat' dir='ltr'><strong>nia</strong></span> <span class='ocrx_word' id='word_1_79' title='bbox 268 1692 338 1741; x_wconf 81' lang='lat' dir='ltr'><strong>ita</strong></span> <span class='ocrx_word' id='word_1_80' title='bbox 374 1688 511 1740; x_wconf 87' lang='lat' dir='ltr'><strong>bene</strong></span> <span class='ocrx_word' id='word_1_81' title='bbox 548 1690 729 1741; x_wconf 82' lang='lat' dir='ltr'><strong>videre</strong></span> <span class='ocrx_word' id='word_1_82' title='bbox 765 1687 912 1742; x_wconf 86' lang='lat' dir='ltr'><strong>haud</strong></span> <span class='ocrx_word' id='word_1_83' title='bbox 948 1692 1136 1761; x_wconf 76' lang='lat' dir='ltr'><strong>potuit,</strong></span> <span class='ocrx_word' id='word_1_84' title='bbox 1170 1689 1338 1742; x_wconf 80' lang='lat' dir='ltr'><strong>multa</strong></span> <span class='ocrx_word' id='word_1_85' title='bbox 1360 1692 1577 1741; x_wconf 67' lang='lat' dir='ltr'><strong>interim</strong></span> <span class='ocrx_word' id='word_1_86' title='bbox 1613 1708 1714 1762; x_wconf 87' lang='lat' dir='ltr'><strong>op-</strong></span> 
     </span>
     <span class='ocr_line' id='line_1_15' title="bbox 145 1787 768 1856; baseline -0.006 -17"><span class='ocrx_word' id='word_1_87' title='bbox 145 1792 274 1839; x_wconf 79' lang='lat' dir='ltr'><strong>time</strong></span> <span class='ocrx_word' id='word_1_88' title='bbox 309 1788 426 1855; x_wconf 80' lang='lat' dir='ltr'><strong>jam</strong></span> <span class='ocrx_word' id='word_1_89' title='bbox 472 1787 768 1856; x_wconf 82' lang='lat' dir='ltr'><strong>descripsit,</strong></span> 
     </span>
    </p>

    <p class='ocr_par' dir='ltr' id='par_1_6' title="bbox 139 1882 1708 2348">
     <span class='ocr_line' id='line_1_16' title="bbox 284 1882 1708 1955; baseline 0.001 -21"><span class='ocrx_word' id='word_1_90' title='bbox 284 1882 629 1955; x_wconf 76' lang='lat' dir='ltr'><strong>Longicudo</strong></span> <span class='ocrx_word' id='word_1_91' title='bbox 670 1886 1029 1954; x_wconf 87' lang='lat' dir='ltr'><strong>speciminum</strong></span> <span class='ocrx_word' id='word_1_92' title='bbox 1056 1882 1419 1936; x_wconf 83' lang='lat' dir='ltr'><strong>femineorum</strong></span> <span class='ocrx_word' id='word_1_93' title='bbox 1456 1902 1708 1936; x_wconf 88' lang='lat' dir='ltr'><strong>meorum</strong></span> 
     </span>
     <span class='ocr_line' id='line_1_17' title="bbox 144 1978 1708 2051; baseline -0.001 -18"><span class='ocrx_word' id='word_1_94' title='bbox 144 1983 280 2034; x_wconf 85' lang='lat' dir='ltr'><strong>ultra</strong></span> <span class='ocrx_word' id='word_1_95' title='bbox 318 1982 450 2032; x_wconf 86' lang='lat' dir='ltr'><strong>duos</strong></span> <span class='ocrx_word' id='word_1_96' title='bbox 486 1981 707 2050; x_wconf 87' lang='lat' dir='ltr'><strong>pollices</strong></span> <span class='ocrx_word' id='word_1_97' title='bbox 756 1978 1043 2051; x_wconf 83' lang='lat' dir='ltr'><strong>aequabat,</strong></span> <span class='ocrx_word' id='word_1_98' title='bbox 1089 1989 1242 2050; x_wconf 81' lang='lat' dir='ltr'><strong>parte</strong></span> <span class='ocrx_word' id='word_1_99' title='bbox 1280 1980 1516 2049; x_wconf 82' lang='lat' dir='ltr'><strong>capillari</strong></span> <span class='ocrx_word' id='word_1_100' title='bbox 1551 1981 1708 2050; x_wconf 84' lang='lat' dir='ltr'><strong>polli-</strong></span> 
     </span>
     <span class='ocr_line' id='line_1_18' title="bbox 144 2076 1707 2148; baseline -0.001 -17"><span class='ocrx_word' id='word_1_101' title='bbox 144 2097 263 2131; x_wconf 88' lang='lat' dir='ltr'><strong>cem</strong></span> <span class='ocrx_word' id='word_1_102' title='bbox 323 2097 443 2129; x_wconf 89' lang='lat' dir='ltr'><strong>cum</strong></span> <span class='ocrx_word' id='word_1_103' title='bbox 505 2087 690 2148; x_wconf 82' lang='lat' dir='ltr'><strong>quarta</strong></span> <span class='ocrx_word' id='word_1_104' title='bbox 748 2076 833 2128; x_wconf 88' lang='lat' dir='ltr'><strong>vel</strong></span> <span class='ocrx_word' id='word_1_105' title='bbox 894 2077 1114 2130; x_wconf 89' lang='lat' dir='ltr'><strong>dimidia</strong></span> <span class='ocrx_word' id='word_1_106' title='bbox 1175 2077 1283 2142; x_wconf 86' lang='lat' dir='ltr'><strong>ejus</strong></span> <span class='ocrx_word' id='word_1_107' title='bbox 1329 2087 1479 2148; x_wconf 86' lang='lat' dir='ltr'><strong>parte</strong></span> <span class='ocrx_word' id='word_1_108' title='bbox 1532 2078 1707 2148; x_wconf 67' lang='lat' dir='ltr'><strong>lor-ga.</strong></span> 
     </span>
     <span class='ocr_line' id='line_1_19' title="bbox 147 2175 1705 2248; baseline -0.001 -19"><span class='ocrx_word' id='word_1_109' title='bbox 147 2179 329 2230; x_wconf 87' lang='lat' dir='ltr'><em>Color</em></span> <span class='ocrx_word' id='word_1_110' title='bbox 365 2175 637 2240; x_wconf 81' lang='lat' dir='ltr'><strong>candidus,</strong></span> <span class='ocrx_word' id='word_1_111' title='bbox 672 2176 948 2228; x_wconf 80' lang='lat' dir='ltr'><strong>interdum</strong></span> <span class='ocrx_word' id='word_1_112' title='bbox 985 2176 1247 2242; x_wconf 82' lang='lat' dir='ltr'><strong>sordidus,</strong></span> <span class='ocrx_word' id='word_1_113' title='bbox 1283 2180 1491 2248; x_wconf 85' lang='lat' dir='ltr'><strong>saepius</strong></span> <span class='ocrx_word' id='word_1_114' title='bbox 1529 2185 1705 2228; x_wconf 83' lang='lat' dir='ltr'><strong>autem</strong></span> 
     </span>
     <span class='ocr_line' id='line_1_20' title="bbox 139 2264 1494 2348; baseline -0.001 -21"><span class='ocrx_word' id='word_1_115' title='bbox 139 2279 301 2348; x_wconf 82' lang='lat' dir='ltr'><strong>partis</strong></span> <span class='ocrx_word' id='word_1_116' title='bbox 339 2275 598 2345; x_wconf 76' lang='lat' dir='ltr'><strong>capillal.·is</strong></span> <span class='ocrx_word' id='word_1_117' title='bbox 635 2294 758 2347; x_wconf 79' lang='lat' dir='ltr'><strong>pars</strong></span> <span class='ocrx_word' id='word_1_118' title='bbox 796 2279 1032 2326; x_wconf 80' lang='lat' dir='ltr'><strong>anterior</strong></span> <span class='ocrx_word' id='word_1_119' title='bbox 1065 2273 1213 2327; x_wconf 85' lang='lat' dir='ltr'><strong>fusca</strong></span> <span class='ocrx_word' id='word_1_120' title='bbox 1253 2284 1377 2326; x_wconf 79' lang='lat' dir='ltr'><strong>erat.</strong></span> <span class='ocrx_word' id='word_1_121' title='bbox 1489 2264 1494 2267; x_wconf 47' lang='grc'><strong>’</strong></span> 
     </span>
    </p>

    <p class='ocr_par' dir='ltr' id='par_1_7' title="bbox 141 2373 1701 2722">
     <span class='ocr_line' id='line_1_21' title="bbox 279 2373 1701 2445; baseline -0.004 -19"><span class='ocrx_word' id='word_1_122' title='bbox 279 2375 428 2428; x_wconf 78' lang='lat' dir='ltr'><strong>Pars</strong></span> <span class='ocrx_word' id='word_1_123' title='bbox 465 2377 762 2445; x_wconf 77' lang='lat' dir='ltr'><strong>capillarz&#39;s</strong></span> <span class='ocrx_word' id='word_1_124' title='bbox 797 2378 1144 2425; x_wconf 82' lang='lat' dir='ltr'><strong>transversim</strong></span> <span class='ocrx_word' id='word_1_125' title='bbox 1190 2378 1395 2435; x_wconf 76' lang='lat' dir='ltr'><strong>striata,</strong></span> <span class='ocrx_word' id='word_1_126' title='bbox 1443 2373 1701 2440; x_wconf 82' lang='lat' dir='ltr'><strong>margini-</strong></span> 
     </span>
     <span class='ocr_line' id='line_1_22' title="bbox 143 2470 1698 2535; baseline -0.003 -11"><span class='ocrx_word' id='word_1_127' title='bbox 143 2472 238 2524; x_wconf 90' lang='lat' dir='ltr'><strong>bus</strong></span> <span class='ocrx_word' id='word_1_128' title='bbox 281 2471 552 2523; x_wconf 78' lang='lat' dir='ltr'><strong>interdum</strong></span> <span class='ocrx_word' id='word_1_129' title='bbox 610 2470 769 2523; x_wconf 86' lang='lat' dir='ltr'><strong>debili</strong></span> <span class='ocrx_word' id='word_1_130' title='bbox 824 2471 990 2523; x_wconf 87' lang='lat' dir='ltr'><strong>modo</strong></span> <span class='ocrx_word' id='word_1_131' title='bbox 1051 2475 1302 2535; x_wconf 63' lang='lat' dir='ltr'><strong>cremitis,</strong></span> <span class='ocrx_word' id='word_1_132' title='bbox 1359 2470 1468 2523; x_wconf 88' lang='lat' dir='ltr'><strong>fine</strong></span> <span class='ocrx_word' id='word_1_133' title='bbox 1522 2472 1698 2520; x_wconf 82' lang='lat' dir='ltr'><strong>antico</strong></span> 
     </span>
     <span class='ocr_line' id='line_1_23' title="bbox 141 2567 1700 2642; baseline -0.003 -20"><span class='ocrx_word' id='word_1_134' title='bbox 141 2569 380 2642; x_wconf 72' lang='lat' dir='ltr'><strong>(capite)</strong></span> <span class='ocrx_word' id='word_1_135' title='bbox 432 2579 726 2636; x_wconf 75' lang='lat' dir='ltr'><strong>attenuate,</strong></span> <span class='ocrx_word' id='word_1_136' title='bbox 773 2573 924 2642; x_wconf 82' lang='lat' dir='ltr'><strong>apice</strong></span> <span class='ocrx_word' id='word_1_137' title='bbox 972 2567 1353 2636; x_wconf 79' lang='lat' dir='ltr'><strong>obtusiusculO‚</strong></span> <span class='ocrx_word' id='word_1_138' title='bbox 1416 2586 1516 2620; x_wconf 83' lang='lat' dir='ltr'><strong>ore</strong></span> <span class='ocrx_word' id='word_1_139' title='bbox 1559 2567 1700 2619; x_wconf 80' lang='lat' dir='ltr'><strong>indi-</strong></span> 
     </span>
     <span class='ocr_line' id='line_1_24' title="bbox 142 2673 347 2722; baseline 0 -2"><span class='ocrx_word' id='word_1_140' title='bbox 142 2673 347 2722; x_wconf 83' lang='lat' dir='ltr'><strong>stincto.</strong></span> 
     </span>
    </p>

    <p class='ocr_par' dir='ltr' id='par_1_8' title="bbox 279 2765 1696 2843">
     <span class='ocr_line' id='line_1_25' title="bbox 279 2765 1696 2843; baseline -0.001 -24"><span class='ocrx_word' id='word_1_141' title='bbox 279 2769 429 2821; x_wconf 84' lang='lat' dir='ltr'><strong>Pars</strong></span> <span class='ocrx_word' id='word_1_142' title='bbox 466 2787 655 2823; x_wconf 84' lang='lat' dir='ltr'><strong>crassa</strong></span> <span class='ocrx_word' id='word_1_143' title='bbox 702 2769 783 2841; x_wconf 89' lang='lat' dir='ltr'><strong>(in</strong></span> <span class='ocrx_word' id='word_1_144' title='bbox 827 2779 1057 2843; x_wconf 80' lang='lat' dir='ltr'><strong>utroque</strong></span> <span class='ocrx_word' id='word_1_145' title='bbox 1103 2783 1236 2820; x_wconf 82' lang='lat' dir='ltr'><strong>sexu</strong></span> <span class='ocrx_word' id='word_1_146' title='bbox 1271 2783 1486 2840; x_wconf 82' lang='lat' dir='ltr'><strong>semper</strong></span> <span class='ocrx_word' id='word_1_147' title='bbox 1520 2765 1696 2832; x_wconf 83' lang='lat' dir='ltr'><strong>laevis,</strong></span> 
     </span>
    </p>
   </div>
   <div class='ocr_carea' id='block_1_6' title="bbox 141 2915 470 2928">
    <p class='ocr_par' dir='ltr' id='par_1_9' title="bbox 141 2915 470 2928">
     <span class='ocr_line' id='line_1_26' title="bbox 141 2915 470 2928; baseline 0 640"><span class='ocrx_word' id='word_1_148' title='bbox 141 2915 470 2928; x_wconf 95' lang='lat' dir='ltr'><strong> </strong></span> 
     </span>
    </p>
   </div>
   <div class='ocr_carea' id='block_1_7' title="bbox 255 3008 1300 3144">
    <p class='ocr_par' dir='ltr' id='par_1_10' title="bbox 255 3008 1300 3144">
     <span class='ocr_line' id='line_1_27' title="bbox 255 3008 1300 3067; baseline 0.002 -16"><span class='ocrx_word' id='word_1_149' title='bbox 255 3008 293 3060; x_wconf 67' lang='lat'><strong>⁸)</strong></span> <span class='ocrx_word' id='word_1_150' title='bbox 322 3010 596 3065; x_wconf 82' lang='lat' dir='ltr'><strong>Naturgesch.</strong></span> <span class='ocrx_word' id='word_1_151' title='bbox 624 3029 665 3067; x_wconf 90' lang='lat' dir='ltr'><strong>p.</strong></span> <span class='ocrx_word' id='word_1_152' title='bbox 696 3011 796 3057; x_wconf 85' lang='lat'><strong>122.</strong></span> <span class='ocrx_word' id='word_1_153' title='bbox 826 3012 934 3053; x_wconf 69' lang='lat' dir='ltr'><strong>Tab.</strong></span> <span class='ocrx_word' id='word_1_154' title='bbox 962 3009 1038 3053; x_wconf 85' lang='lat' dir='ltr'><strong>VI.</strong></span> <span class='ocrx_word' id='word_1_155' title='bbox 1066 3011 1156 3064; x_wconf 83' lang='lat' dir='ltr'><strong>Fig.</strong></span> <span class='ocrx_word' id='word_1_156' title='bbox 1185 3010 1228 3054; x_wconf 83' lang='grc'><strong>6.</strong></span> <span class='ocrx_word' id='word_1_157' title='bbox 1258 3010 1300 3053; x_wconf 90' lang='grc'><strong>7.</strong></span> 
     </span>
     <span class='ocr_line' id='line_1_28' title="bbox 257 3082 718 3144; baseline 0.002 -16"><span class='ocrx_word' id='word_1_158' title='bbox 257 3083 319 3136; x_wconf 50' lang='lat' dir='ltr'><strong>W)</strong></span> <span class='ocrx_word' id='word_1_159' title='bbox 347 3082 521 3143; x_wconf 79' lang='lat' dir='ltr'><strong>Synops.</strong></span> <span class='ocrx_word' id='word_1_160' title='bbox 550 3105 593 3144; x_wconf 78' lang='lat' dir='ltr'><strong>p.</strong></span> <span class='ocrx_word' id='word_1_161' title='bbox 622 3088 718 3132; x_wconf 82' lang='grc'><strong>226.</strong></span> 
     </span>
    </p>
   </div>
  </div>
 </body>
</html>
