2090 3568
722 181 1176 235 ...11-

173 345 287 397 fere
323 341 559 417 aequale,
595 343 828 393 marium
866 338 1032 390 cauda
1069 347 1247 389 autem
1282 338 1391 390 fine
1414 347 1587 395 antico
1611 360 1730 395 ma-

175 447 252 514 gis
300 449 579 498 attenuata.
669 439 895 509 Capitis
949 436 1122 489 obtusi
1175 454 1263 501 os,
1316 448 1568 505 quantam
1619 442 1731 508 ejus

179 544 414 594 examini
451 556 673 610 operam
709 535 1063 601 adhibuerim,
1098 538 1211 587 non
1236 533 1578 600 dijudicabile.
1615 540 1733 593 To..

176 645 291 693 tum
352 647 532 711 caput,
577 636 687 689 fine
733 640 999 688 anteriore
1046 643 1296 705 excepta,
1350 633 1618 686 inclusum
1655 649 1731 691 est

178 740 508 790 membrana
564 734 850 807 pellucida‚
896 732 1104 799 inflata,
1159 734 1383 803 elliptica
1441 731 1735 805 (rarissime

177 836 290 888 fere
327 835 597 908 globosa),
634 852 768 905 quae
803 832 929 883 inde
963 837 1022 885 in
1056 841 1284 905 utroque
1326 831 1491 884 latere
1538 851 1734 905 corpo-

176 940 249 987 ris
297 937 604 987 tenuissima
652 942 702 983 et
746 932 960 984 linearis
1010 931 1337 983 descendens
1392 934 1452 983 in
1495 931 1734 984 maribus

179 1045 230 1088 et
263 1033 530 1084 interdum
566 1035 624 1081 in
657 1029 872 1082 seminis
917 1030 1098 1081 medio
1147 1033 1356 1082 circiter
1399 1032 1458 1082 in
1503 1049 1734 1102 corpore

177 1147 495 1184 evanescere
554 1131 790 1195 videtur,
842 1133 899 1181 in
955 1130 1068 1181 aliis
1125 1128 1340 1181 feminis
1377 1147 1506 1182 vero
1560 1128 1736 1182 adhuc

173 1229 409 1288 subtilior
444 1228 580 1285 facta
616 1229 833 1281 ulterius
871 1228 1098 1281 caudam
1132 1247 1333 1295 verSUS,
1356 1247 1520 1300 quam
1554 1240 1739 1282 tamen

173 1347 285 1380 non
334 1330 560 1397 attingit,
606 1327 962 1398 progreditur.
1048 1327 1307 1381 Mariam
1353 1329 1544 1381 cauda
1579 1332 1736 1398 spiris

172 1427 338 1478 tribus
375 1426 524 1479 factis
563 1426 699 1496 (tam
733 1426 886 1493 laxis,
922 1437 981 1479 ut
1014 1431 1155 1479 inter
1191 1436 1417 1499 quatuor
1440 1432 1736 1498 specimina

173 1526 422 1591 mascula,
461 1544 595 1596 quae
630 1531 841 1592 inveni,
876 1531 977 1579 tria
1013 1526 1109 1578 has
1148 1530 1317 1598 spiras
1354 1524 1586 1579 habeant
1620 1525 1736 1580 fere

172 1625 406 1697 solutas),
445 1628 765 1679 acutiuscula
801 1631 1135 1691 terminatur,
1176 1635 1226 1677 et
1261 1629 1318 1677 in
1352 1635 1580 1696 utroque
1626 1627 1736 1693 ejus

171 1725 335 1776 latere
370 1711 688 1778 membrana
725 1725 1044 1790 alaeformis,
1079 1724 1366 1788 latfflscula,
1403 1729 1526 1776 satis
1562 1725 1738 1795 longa,

171 1823 416 1894 subrecta
460 1823 599 1875 ultra
643 1824 752 1889 ejus
803 1827 1015 1892 apicem
1060 1822 1348 1874 descendit.
1441 1823 1738 1895 Spiculum

177 1920 402 1990 genitale
450 1925 722 1974 exsertum
771 1940 886 1973 non
922 1920 1045 1973 vidi.
1129 1922 1495 1973 Feminarum
1543 1922 1738 1974 cauda

174 2017 363 2081 brevis,
400 2027 559 2081 recta,
606 2019 909 2082 subconica,
958 2017 1139 2068 subtus
1186 2019 1538 2089 planiuscula,
1584 2019 1741 2073 obtu-

175 2115 421 2180 siuscula,
468 2124 591 2167 ante
639 2116 784 2183 cujus
831 2114 1000 2168 finem
1049 2135 1181 2167 anus
1221 2116 1509 2169 distinctus.
1588 2118 1738 2186 Ova,

173 2232 404 2285 quorum
447 2213 896 2266 innumerabilem
947 2219 1162 2286 copiam
1209 2220 1484 2269 continent
1544 2222 1739 2287 ovaria,

173 2331 340 2384 parva
375 2322 498 2366 sunt
534 2323 586 2366 et
629 2312 972 2386 subelliptica.

257 2504 313 2561 2.
358 2500 782 2582 Spiroptera
832 2500 1063 2561 media
1117 2501 1281 2560 mihi.

315 2648 404 2720 Sp.
463 2654 633 2722 capite
688 2651 979 2723 papilloso‚
1041 2650 1205 2705 cauda
1263 2654 1425 2703 maris
1477 2651 1738 2705 latiusculi

176 2746 306 2800 alata
332 2752 475 2820 spira
500 2750 714 2822 duplici,
736 2749 971 2803 feminae
996 2761 1162 2816 acuta,
1187 2749 1447 2815 subrecta,
1468 2750 1735 2824 depressa.

313 2875 472 2928 Hab.
544 2876 607 2929 In
643 2878 937 2929 ventriculo
975 2878 1248 2932 Falconis
1275 2878 1609 2952 fusco-acri
1645 2879 1738 2932 de-

179 2978 308 3026 texit
344 2973 665 3066 SCHILLINP
703 2976 836 3030 duos
872 2995 1049 3030 mares
1099 2987 1150 3031 et
1197 2983 1302 3029 tr'es
1349 2978 1593 3032 feminas,

300 3100 543 3167 ‘Descn
616 3102 961 3177 Longicudo
999 3107 1216 3173 majoris
1253 3110 1481 3158 marium
1511 3115 1735 3176 quatuor
