2090 3568
702 157 1158 212 -9-.-

154 316 461 389 capillarem
506 316 789 366 transitum
811 309 1044 385 3facere,
1098 322 1149 365 et
1197 316 1417 386 quidem
1450 324 1508 375 in
1543 321 1708 376 latere

153 413 390 480 ejusdem
431 415 598 485 partis
645 427 911 478 concam,
970 410 1242 464 interdum
1285 411 1436 466 labiis
1493 396 1710 474 tumidis

155 516 437 583 insignem.

295 610 457 676 Quod
494 609 564 662 ad
599 619 774 682 partes
811 613 1050 663 internas
1089 613 1289 677 attinet,
1327 613 1564 681 {canalis
1601 618 1710 666 ali-

152 714 466 762 mencczrz'us
514 708 578 760 ab
626 727 721 760 ore
766 720 911 761 recte
959 710 1285 761 descendens
1333 713 1392 761 in
1435 720 1587 781 parte
1625 730 1714 763 ca-

142 808 324 879 pillari
362 812 564 880 optime
602 806 1041 877 conspiciebatur,
1077 811 1137 859 in
1169 826 1343 860 crassa
1381 818 1560 862 autem
1595 827 1715 863 ma-

152 911 295 958 rium
341 910 417 958 uti
461 905 788 957 feminarum
834 889 1087 974 genitalia
1133 910 1344 959 interna
1397 911 1546 980 gyris
1607 912 1714 960 suis

155 1023 276 1056 eum
325 1002 690 1061 obvolvebant.
775 1002 838 1054 In
895 1002 1109 1054 feminis
1157 1024 1189 1056 a
1233 1005 1391 1057 vulva
1451 1007 1715 1078 descripta

150 1100 496 1154 descendens*
535 1102 757 1154 canalis
807 1101 1015 1171 amplus
1063 1102 1357 1175 (vagina),
1403 1105 1715 1177 simpliciter

153 1208 396 1253 curvatus
424 1203 627 1271 optime
663 1199 1033 1252 translucebat.
1058 1231 1130 1241 —--
1159 1202 1421 1256 Ovorum
1456 1205 1715 1258 nucleum

151 1297 439 1368 ellipticum
474 1296 778 1350 includebat
811 1298 1132 1353 membrana
1176 1301 1443 1372 pellucida
1479 1312 1714 1377 utroque

147 1400 205 1448 in
240 1395 349 1448 fine
385 1400 443 1447 in
481 1400 691 1467 apicem
726 1378 1308 1468 protractaobtusum.

287 1490 435 1547 Obs'.
475 1498 524 1553 1.
578 1484 908 1549 ‘Secundum
957 1496 1357 1553 observationes
1402 1486 1570 1554 modo
1618 1502 1714 1554 de-

147 1597 363 1665 scriptas
399 1612 512 1646 non
548 1593 760 1646 videtur
797 1596 849 1648 T
851 1595 1260 1669 richocephalus
1300 1610 1544 1652 crenatus
1585 1619 1615 1653 a
1641 1602 1711 1654 Τ.

150 1693 359 1766 dispare
395 1710 523 1746 vere
561 1692 792 1746 differre.
834 1679 837 1682 ’
877 1694 1087 1748 Crenae
1135 1698 1256 1750 colli
1300 1717 1415 1751 non
1462 1709 1713 1752 constan-

146 1800 226 1844 tes
264 1801 408 1856 sunt,
454 1795 696 1861 corporis
744 1801 926 1844 autem
959 1797 1018 1843 in
1066 1796 1446 1865 speciminibus
1481 1802 1714 1850 recenti-

149 1888 247 1940 bus
284 1908 316 1940 a
351 1906 441 1940 me
476 1891 720 1955 minime,
758 1907 789 1940 a
834 1889 1184 1944 RUDoLPHIo
1231 1897 1289 1945 in
1326 1895 1709 1964 speciminibus

146 1990 207 2038 in
241 1990 428 2057 spiritu
460 1987 571 2051 jam
607 1991 885 2039 asservatis
922 2006 1036 2039 non
1072 2005 1289 2061 semper
1323 1972 1569 2061 repertae
1594 2013 1712 2048 ma-
1766 2001 1774 2012 '

145 2084 229 2135 lae
266 2087 659 2137 conservationi
707 2087 977 2155 originem
1021 2084 1205 2138 forsan
1251 2086 1471 2155 debent,
1517 2095 1711 2162 vagina

145 2185 298 2253 penis
333 2199 489 2249 vero,
541 2182 684 2250 cujus
734 2180 914 2235 forma
961 2185 1423 2257 Trichocephalus
1459 2199 1641 2242 noster
1676 2210 1710 2244 a

148 2282 359 2353 dispare
379 2281 742 2336 ,RUDOLPHIO
789 2286 1133 2354 potissimum
1184 2285 1400 2338 differre
1437 2291 1578 2339 visus
1614 2299 1708 2356 est,

147 2398 207 2432 re
250 2397 404 2445 vera,
451 2384 556 2432 nisi
605 2399 956 2452 summopere
993 2391 1263 2436 contracta
1301 2394 1353 2437 et
1389 2383 1709 2452 abbreviata,

148 2476 341 2530 eodem
376 2478 544 2531 modo
580 2477 811 2545 formata
848 2483 1187 2551 conspicitur.

286 2574 435 2628 Obs.
470 2582 521 2635 2.
594 2576 833 2631 Vulvam
880 2587 932 2630 et
975 2582 1225 2651 vaginam
1283 2581 1516 2637 feminae
1576 2585 1706 2638 Tri-

146 2665 462 2746 chocephali
508 2675 765 2729 Hominis
813 2676 1017 2730 GOEZE
1063 2678 1202 2731 bene
1250 2680 1503 2735 delineari
1550 2702 1705 2738 cura-

147 2774 316 2846 vit*),
364 2792 463 2845 ego
510 2779 636 2846 ipse
663 2784 844 2829 autem
879 2787 998 2829 non*
1029 2777 1218 2846 solum,
1253 2785 1329 2833 uti
1364 2782 1610 2848 indicavi,
1644 2787 1703 2835 in

147 2871 581 2945 Trichocephalo
620 2873 755 2942 Suis,
791 2875 885 2929 sed
922 2880 1083 2932 etiam
1117 2881 1176 2932 in
1201 2879 1297 2934 Tr.
1333 2880 1516 2954 (Ovis)
1553 2879 1699 2936 affini

253 3082 292 3137 ⁸²)
319 3087 349 3126 1.
378 3100 415 3131 c.
443 3088 496 3132 T·
524 3086 602 3135 VI.
632 3089 795 3160 Figs4.
822 3107 862 3148 g.
