2090 3568
917 256 999 269 --
1111 228 1190 287 15
1298 204 1396 265 -”

354 413 654 471 granorum
718 394 988 457 dictorum
1053 393 1422 461 integumenta
1493 385 1627 438 dura
1683 392 1736 434 et
1790 391 1944 434 acuta

356 496 742 552 medicamenti
765 496 934 544 instar
958 487 1393 543 anthelminthici
1416 490 1475 538 in
1510 500 1726 539 vermes
1765 491 1944 553 agunt.

498 594 764 648 Marium
787 590 1060 659 majorum
1093 587 1373 660 longitudo
1413 590 1554 653 octe,
1573 574 1946 658 feminarum

355 695 629 764 majorum
664 692 805 745 ultra
842 688 1033 742 decem
1070 687 1239 741 lineas
1278 694 1489 757 aequat.

502 794 700 864 Caput
726 789 1149 853 obtusissimam,
1181 785 1299 839 fere
1318 792 1633 839 truncatum
1653 780 1947 835 dicendum

358 898 475 947 oris
510 894 780 945 valvulis
817 887 986 940 tribus
1025 888 1461 951 distinctissimiS,
1499 883 1718 937 obtusis,
1798 882 1960 955 Cor-

351 1012 485 1067 pus,
548 992 697 1059 cujus
756 989 880 1042 finis
929 990 1106 1040 antica
1154 1004 1373 1059 semper
1418 992 1729 1048 recurvata,
1787 997 1949 1051 saepe

353 1103 653 1165 tantopere,
694 1100 788 1156 est,
824 1099 885 1140 ut
923 1096 1083 1159 caput
1121 1086 1351 1138 caudam
1389 1102 1575 1138 versus
1613 1089 1844 1154 spectet,
1881 1077 1949 1129 ad

355 1201 515 1264 caput
562 1193 744 1242 minus
794 1196 1131 1240 attenuatum
1183 1204 1300 1237 esse
1347 1184 1561 1239 videtur
1610 1187 1670 1235 in
1713 1179 1949 1243 feminiS,

354 1310 521 1363 quam
559 1290 629 1342 ad
668 1287 925 1354 caudam,
971 1290 1030 1338 in
1066 1284 1307 1338 maribus
1347 1303 1378 1337 a
1413 1284 1537 1338 loco
1577 1286 1721 1335 circa
1759 1296 1951 1331 curva-

349 1402 532 1443 turam
580 1389 781 1442 dictam
830 1387 961 1460 (quo
1006 1389 1065 1438 in
1101 1394 1334 1456 utroque
1371 1402 1508 1436 sexu
1545 1383 1721 1450 major
1759 1381 1952 1431 crassi-

351 1492 450 1543 ties
489 1489 593 1560 est)
628 1486 744 1540 fere
783 1486 1066 1557 aequalem
1117 1488 1417 1537 crassitiem
1465 1483 1534 1536 ad
1584 1481 1813 1534 caudam
1860 1496 1949 1529 us-

352 1606 457 1660 que
492 1591 705 1653 retinet,
743 1596 833 1640 aut
867 1603 1168 1658 perparum
1206 1593 1418 1636 tantum
1457 1584 1733 1635 decrescit.
1795 1577 1949 1630 Utri-

349 1705 521 1758 usque
549 1704 711 1738 sexus
739 1704 936 1757 corpus
962 1683 1288 1736 membrana
1324 1682 1556 1735 lateralis
1595 1689 1768 1745 ornat,
1808 1695 1948 1752 quae

351 1789 666 1838 tenuissima
693 1787 946 1854 utrinque
983 1781 1049 1833 ab
1089 1786 1200 1833 oris
1238 1782 1460 1834 valvulis
1499 1784 1706 1851 incipit,
1744 1781 1950 1830 sensim

350 1893 600 1955 augetur,
649 1894 707 1936 ut
756 1885 881 1935 satis
927 1881 1031 1933 lata
1078 1879 1197 1946 fiat,
1258 1890 1376 1931 tum
1423 1883 1624 1931 iterum
1672 1879 1949 1942 decrescit,

349 1987 525 2036 tenuis
578 1991 629 2033 et
677 1999 897 2052 semper
945 1982 1117 2049 magis
1169 1988 1447 2049 angustata
1486 1978 1554 2030 ad
1593 1978 1821 2030 caudam
1858 1995 1949 2027 us-

350 2099 455 2153 que
493 2080 757 2145 decurrit,
796 2077 890 2129 ubi
926 2081 985 2128 in
1021 2075 1239 2128 feminis
1279 2079 1575 2138 evanescit,
1613 2080 1671 2127 in
1709 2075 1949 2127 maribus

353 2188 536 2232 autem
573 2181 631 2230 in
669 2178 799 2229 alas
837 2176 1068 2229 caudae
1103 2174 1315 2227 videtur
1352 2179 1598 2232 transire,
1673 2175 1823 2240 Hae,
1871 2180 1949 2227 uti

351 2288 462 2331 tota
485 2277 623 2330 finis
664 2274 917 2340 caudaliS,
957 2273 1213 2345 singulari
1251 2292 1475 2345 prorsus
1515 2283 1781 2326 structura
1818 2293 1947 2345 gau-

354 2377 499 2429 dent.
609 2375 706 2429 Uti
772 2383 955 2426 autem
1023 2390 1149 2424 vera
1219 2371 1415 2424 harum
1472 2377 1710 2444 partium
1765 2372 1945 2425 forma

351 2477 509 2528 oculo
562 2474 884 2528 exhibeatur
930 2474 1130 2526 vermis
1179 2472 1450 2523 masculus
1497 2492 1526 2523 a
1573 2473 1741 2523 latere
1780 2472 1949 2525 abdo-

359 2574 545 2626 minali
575 2584 652 2626 est
688 2572 1084 2645 adspiciendus.
1161 2570 1312 2622 Tum
1340 2571 1451 2623 alae
1477 2571 1946 2642 pellucidissimae,

350 2677 412 2724 in
437 2673 603 2724 latere
629 2671 962 2725 abdominali
993 2687 1281 2733 concavae,
1318 2672 1376 2720 in
1415 2669 1613 2722 dorsali
1652 2688 1946 2735 convexae,

352 2775 604 2842 utrinque
641 2775 888 2825 maxime
929 2779 1197 2823 exstantes
1248 2771 1306 2819 in
1347 2768 1544 2832 cauda,
1574 2767 1658 2835 ,ab
1709 2787 1773 2820 eo
1820 2768 1942 2820 loco

311 2888 314 2891 ’
352 2874 596 2935 circiter,
643 2870 736 2923 ubi
769 2870 891 2923 illae
929 2873 1220 2941 incipiunt,
1268 2870 1473 2918 sensim
1512 2876 1809 2931 attenuata,
1848 2868 1943 2918 de-

348 2978 623 3021 currentes
677 2987 793 3021 sese
842 2967 1162 3021 moustrant.
1247 2966 1435 3019 Primo
1483 2965 1771 3017 latissimae
1819 2975 1943 3017 sunt

346 3078 394 3119 et
440 3065 529 3120 hic
587 3072 729 3121 inter
760 3086 818 3120 se
873 3067 1075 3121 habent
1123 3065 1412 3120 nodulum
1467 3083 1507 3117 s.
1563 3069 1941 3117 eminentiam

343 3184 619 3237 magnam,
663 3166 985 3235 rotundam,
1034 3185 1196 3241 quae,
1257 3164 1362 3218 hoc
1413 3167 1544 3230 sita,
1619 3163 1939 3236 adspectum
