2090 3568
974 175 1439 236 -42—

659 336 723 389 A.
774 356 914 410 poro
965 342 1151 411 capitis
1201 334 1481 412 (discreti)
1538 337 2000 412 subcampanulati

621 454 842 508 magnO,
882 448 1117 507 crenatQ,
1156 456 1390 511 corpore
1427 442 1582 491 tereti
1619 437 1942 511 subaequali.

548 533 743 588 Postea
795 541 957 589 etiam
1005 556 1034 590 a
1074 538 1136 589 01.
1175 536 1618 610 WESTRUMB*)
1667 521 1997 611 descriptum

408 643 500 687 est.
585 635 732 688 Cum
792 645 973 688 autem
1019 636 1122 689 hae
1173 636 1562 708 descriptiones
1609 637 1676 689 de
1722 624 1996 691 vermibus

403 737 461 785 in
508 737 698 806 spiritu
744 738 857 788 vini
904 738 1126 787 servatis
1164 733 1339 788 factae
1378 738 1511 802 sint,
1550 753 1701 788 meas
1740 736 1995 791 observa-

403 837 575 884 tiones
625 836 683 884 in
720 833 994 886 vermibus
1031 838 1415 887 recentissimis
1455 845 1508 887 et
1543 838 1677 889 vivis
1713 838 1994 902 institutaS‚

402 935 527 1003 quia
566 935 826 1002 exactiori
863 932 1018 1000 hujus
1054 932 1513 1006 Amphistomatis
1552 937 1848 1005 cognitioni
1881 954 1996 986 ser-

401 1035 516 1085 vire
565 1042 820 1102 possunt,
867 1032 1121 1104 proferre
1156 1053 1272 1086 non
1305 1052 1409 1105 pro
1447 1034 1622 1085 inutili
1660 1034 1816 1086 duco.
1891 1033 1995 1087 Of-

399 1129 549 1183 fendi
605 1130 662 1183 id
723 1136 877 1183 annis
950 1137 1106 1191 1822,
1169 1144 1221 1186 et
1289 1138 1445 1192 1823.
1506 1137 1564 1185 in
1628 1134 1994 1205 complurium

398 1229 684 1283 Ranarum
722 1231 1119 1284 esculentarum
1154 1231 1500 1304 hydatidibus
1540 1232 1834 1286 visceribus
1869 1233 1993 1305 plu-

397 1333 578 1396 rimiS,
638 1335 717 1383 uti
788 1335 950 1383 etiam
1021 1331 1280 1384 musculis
1342 1330 1681 1383 diversarum
1738 1335 1993 1402 partium,

398 1448 561 1500 saepe
600 1434 820 1503 copiose
867 1431 1252 1497 insidentibUS‚
1303 1430 1575 1501 singulum
1622 1430 1858 1502 singula,
1902 1434 1991 1481 in-

399 1529 625 1595 clusum,
663 1529 811 1581 haud
847 1549 979 1583 vero
1016 1535 1074 1582 in
1099 1534 1353 1583 intestino
1379 1539 1528 1581 recto
1558 1530 1806 1582 animalis
1845 1530 1988 1588 dicti,

544 1629 899 1701 Longicado
928 1634 1200 1682 vermium
1238 1647 1408 1681 unam
1447 1628 1516 1680 ad
1552 1637 1659 1680 tres
1696 1628 1863 1681 lineas
1900 1648 1991 1681 ae-

399 1739 543 1802 quat.
632 1731 819 1782 Color
869 1728 1226 1797 est-albidum,
1273 1747 1400 1801 pars
1449 1732 1690 1780 anterior
1738 1747 1866 1780 cum
1914 1728 1990 1780 illi

400 1846 618 1879 annexo
656 1846 796 1899 poro
836 1827 1027 1894 majori
1067 1844 1253 1896 opaca,
1290 1827 1497 1897 reliqua
1535 1825 1916 1897 subpellucida,

543 1929 771 1999 Corpus
817 1936 957 1978 teres
1007 1943 1228 1995 semper
1273 1924 1394 1996 plus
1445 1924 1532 1979 vel
1577 1929 1757 1977 minus
1803 1929 1988 1978 incur-

395 2045 528 2079 vum
579 2046 609 2078 a
655 2044 794 2096 poro
832 2029 1044 2095 postico
1082 2042 1254 2095 usque
1303 2024 1370 2075 ad
1406 2029 1623 2076 initium
1658 2028 1783 2095 pori
1821 2029 1986 2078 antici
2037 2032 2040 2035 ’

395 2125 628 2196 aequalis
664 2122 778 2175 fere
818 2125 1090 2187 crassitiei,
1127 2125 1232 2173 nisi
1269 2122 1415 2193 quod
1451 2123 1812 2192 utplurimum
1837 2122 1983 2176 hunc

393 2241 581 2276 versus
624 2221 904 2294 paululum
949 2225 1229 2279 increscat,
1316 2220 1491 2292 Saepe
1539 2217 1629 2272 hic
1669 2231 1719 2272 et
1753 2222 1860 2273 illic
1895 2242 1984 2275 re-

392 2326 600 2394 peritur
639 2325 996 2380 constrictum
1038 2328 1088 2372 et
1124 2337 1284 2390 saepe
1321 2320 1480 2391 plane
1520 2323 1856 2373 continuum.
1917 2322 1982 2374 In

395 2419 763 2493 compluribus
802 2438 999 2491 corpus
1039 2436 1096 2470 se
1134 2419 1422 2471 exhibebat
1460 2419 1797 2486 annulatum,
1833 2420 1979 2473 unde

393 2524 666 2591 margines
693 2523 895 2570 crenati
919 2518 1265 2590 apparebant.
1337 2518 1400 2570 In
1437 2519 1549 2570 aliis
1591 2518 1696 2571 hoc
1732 2538 1848 2572 non
1885 2520 1982 2573 ob-

395 2621 617 2672 servavi.
702 2616 865 2682 Quod
911 2634 1041 2668 vero
1088 2621 1147 2667 in
1192 2618 1465 2670 vermibus
1511 2619 1819 2670 recentibus
1867 2619 1976 2684 jam

394 2721 549 2773 lentis
587 2716 844 2788 simplicis
893 2716 1092 2768 auxilio
1142 2724 1255 2767 erat
1304 2716 1772 2786 conspiciendum,
1817 2721 1976 2769 totius

399 2820 642 2890 corporis
692 2814 953 2886 (proprie
999 2819 1073 2866 sic
1122 2814 1282 2886 dicti)
1328 2817 1459 2866 cutis
1494 2817 1596 2866 nisi
1630 2813 1815 2867 forsan
1850 2834 1974 2887 par-

507 3058 736 3116 *)Beit1·ag
778 3072 851 3098 zur
890 3057 1050 3099 nahem
1091 3055 1320 3098 Kenntniss
1360 3056 1434 3098 des
1472 3057 1621 3099 Genus
1665 3057 1740 3100 der
1786 3058 1969 3114 Amphi-

397 3152 563 3182 stcmen
593 3153 629 3180 v.
659 3133 715 3177 A.
745 3135 799 3177 H.
829 3136 877 3178 L.
907 3137 1186 3179 VVESTRUMB.
1226 3133 1333 3178 Vide
1364 3135 1452 3178 Isis,
1486 3134 1609 3180 18232
1640 3152 1679 3192 p,
1708 3136 1965 3182 39o.—398.
