2090 3568
700 179 1160 232 -27—

137 341 435 416 (interdum
459 355 643 392 versus
668 336 836 390 finem
875 339 1115 389 anticam
1151 346 1452 407 tantopere,
1487 348 1547 392 ut
1582 357 1714 411 pro-

138 442 311 494 boscis
351 437 577 491 caudam
613 453 796 489 versus
827 444 1045 507 spectet,
1080 433 1358 487 interdum
1381 436 1715 509 subrectum)

137 560 169 593 a
213 536 534 611 proboscide
592 539 793 590 sensim
851 539 1216 589 intumescens
1272 542 1463 605 postea
1516 539 1715 589 iterum

138 641 340 691 sensim
410 636 669 690 decrescit
743 646 794 689 et
853 635 1076 689 demum
1133 631 1322 686 obtuse
1378 634 1713 686 terminatur.

140 738 348 790 Totum
386 755 582 808 corpus
620 735 949 807 pellucidum
999 743 1076 786 est
1114 742 1166 785 et
1210 741 1514 786 transverse
1562 737 1716 785 stria-

137 846 270 902 tum,
306 837 581 907 alteroque
618 833 914 908 (convexo)
952 836 1008 884 in
1045 832 1237 897 latere,
1286 848 1317 882 a
1348 839 1503 902 parte
1541 834 1717 885 antica

137 954 305 1006 usque
342 935 406 987 ad
445 933 673 985 caudam
710 932 1004 984 decurrens
1041 933 1214 987 series
1230 948 1532 1000 spororum
1568 930 1718 1005 (om-

137 1033 291 1086 nibus
339 1037 394 1084 in
442 1030 854 1102 speciminibus,
911 1030 1005 1082 ubi
1052 1029 1112 1082 hi
1160 1030 1407 1082 distincte
1453 1047 1512 1082 se
1561 1029 1718 1082 exhi-

136 1112 287 1196 bent,
335 1141 458 1182 sunt
501 1133 758 1203 quinque
806 1129 909 1182 hac
953 1133 1012 1183 in
1057 1132 1224 1195 serie,
1275 1139 1504 1201 excepto
1543 1134 1720 1202 speci-

137 1233 287 1283 mine
309 1232 489 1294 uni00,
527 1233 586 1281 in
625 1248 732 1301 quo
770 1248 874 1283 sex
914 1248 1108 1282 eorum
1146 1228 1450 1302 observavi)
1487 1249 1720 1301 magno-

132 1347 284 1394 rum,
335 1327 748 1396 orbicularium,
800 1348 831 1381 a
878 1347 934 1382 se
970 1333 1207 1382 invicem
1243 1340 1614 1397 remotorum,
1659 1333 1719 1381 in

136 1432 385 1500 opposito
423 1439 606 1480 autem
641 1430 932 1502 (concavo)
970 1430 1163 1497 latere,
1212 1435 1271 1483 in
1323 1434 1569 1502 corporis
1619 1449 1718 1483 an·-

131 1533 234 1581 tica
269 1538 439 1600 parte,
477 1547 695 1599 semper
733 1539 872 1580 un‘us
909 1529 1309 1597 tantummodo,
1345 1549 1595 1583 vermem
1627 1549 1720 1582 or-

131 1637 276 1680 nant.
350 1627 660 1698 Specimina
707 1627 1002 1682 masculina
1040 1647 1202 1701 saepe
1237 1633 1434 1685 vesica
1474 1629 1721 1682 caudali

131 1715 380 1798 gaudent.
414 1712 417 1715 ,
465 1726 553 1778 De
589 1727 830 1798 partibus
879 1732 1105 1781 internis
1143 1748 1258 1781 non
1296 1729 1579 1783 observavi
1614 1733 1719 1781 nisi

137 1829 437 1880 lemniscos
491 1825 673 1877 solitos
730 1825 1067 1897 proboscidis
1125 1822 1251 1900 (hic
1310 1827 1463 1881 valde
1509 1828 1720 1900 longOS,

133 1925 343 1998 amplos
393 1933 444 1976 et
490 1932 766 1976 contortos
814 1925 950 1976 ultra
1008 1925 1257 1977 medium
1320 1932 1564 1998 corporis
1622 1928 1718 1980 de-

134 2023 480 2087 scendentes,
535 2032 594 2073 ut
640 2025 802 2091 igitur
846 2027 979 2074 recti
1015 2023 1352 2094 longitudine
1392 2043 1589 2097 eorpus
1628 2046 1720 2080 ae-

131 2140 297 2193 quare
334 2129 424 2172 aut
459 2119 647 2172 forsan
697 2121 833 2174 adeo
884 2140 1142 2193 superare
1190 2122 1510 2197 deberent),
1563 2135 1614 2178 et
1659 2131 1718 2180 in

129 2221 369 2273 maribus
408 2221 510 2274 alia
549 2239 778 2291 organa,
824 2220 971 2273 haud
1008 2232 1155 2274 recte
1194 2223 1568 2290 discernibilia,
1606 2235 1718 2279 tes-

129 2321 318 2373 ticulos
358 2330 410 2373 et
446 2338 572 2373 vasa
598 2320 877 2373 seminalia
911 2319 1220 2389 referentia,
1259 2326 1317 2373 in
1341 2322 1556 2375 feminis
1583 2344 1718 2378 con-

129 2431 213 2472 tra
253 2439 388 2486 ova,
428 2439 564 2472 mox
603 2419 851 2489 elliptica,
887 2439 1025 2472 mox
1063 2420 1399 2491 subglobosa,
1439 2442 1575 2494 quae
1615 2423 1718 2477 dif-

130 2517 357 2572 ferentia
393 2521 509 2570 sine
547 2517 709 2589 dubi-o
748 2536 778 2569 a
816 2521 917 2571 situ
957 2537 1150 2573 eorum
1188 2522 1400 2575 diverso
1438 2523 1655 2594 pendet.

277 2673 590 2726 Secundum
626 2671 724 2725 has
763 2673 1165 2728 observationes
1195 2676 1562 2731 characterem
1593 2698 1716 2751 spe-

133 2777 234 2826 ciei
269 2782 485 2825 nostrae
523 2771 587 2825 ab
610 2772 682 2824 ill.
722 2785 942 2827 auctore
981 2775 1295 2848 Synopseos
1321 2777 1581 2830 tributum
1621 2780 1716 2832 de-

132 2873 236 2926 beo
273 2882 486 2926 mutare
520 2875 580 2924 in
618 2883 958 2943 sequentem:

347 3014 635 3068 Proboscis
681 3014 885 3079 breviS,
935 3016 1163 3083 clavata,
1210 3023 1540 3073 uncinorum
1589 3021 1716 3072 sub-

347 3124 621 3170 rectorum
668 3115 906 3170 seriebus
957 3117 1161 3172 duabus
1209 3119 1294 3172 vel
1342 3120 1509 3172 tribus
1565 3120 1715 3188 laxis,
