2090 3568
689 212 956 270 -231
1071 242 1153 254 -.

126 381 260 431 laxis
307 376 607 448 armata*).
685 375 916 429 Collum
960 373 1285 445 proboscide
1330 395 1546 450 semper
1582 379 1701 433 lon-

104 472 107 476 ’
126 482 179 550 gi
220 497 261 544 S,
297 480 471 530 amice
510 475 688 528 eidem
726 484 817 527 aut
852 476 1089 527 crassitie
1138 472 1460 545 subaequale
1507 490 1595 532 aut
1641 498 1700 533 ea

126 577 286 649 paulo
333 579 572 642 tenuiUS‚
621 578 829 647 postice
876 583 1060 626 autem
1115 590 1334 645 semper
1393 592 1558 645 quam
1614 580 1702 631 illa

126 679 377 741 crassiUS‚
426 679 706 741 conicum,
761 678 819 727 in
864 673 1048 726 medio
1097 683 1186 726 aut
1229 672 1512 745 paululum
1559 693 1703 744 pone

123 775 369 828 medium
414 775 614 841 subitO,
663 774 756 827 sed
798 792 1096 845 perparum
1134 772 1433 846 (interdum
1468 772 1583 826 fere
1619 777 1705 826 in-

124 872 359 926 sensibili
396 874 588 947 modo)
627 877 862 925 crassitie
900 882 1135 938 auctum,
1173 871 1344 926 finem
1382 890 1567 926 versus
1606 893 1704 925 an-

123 978 292 1026 ticum
345 977 402 1024 in
450 972 706 1042 angulum
753 970 1006 1023 obtusum
1062 971 1464 1044 inflexum**).
1564 971 1703 1025 Cor*

124 1092 223 1144 pus
261 1091 291 1123 a
327 1078 478 1142 parte
515 1074 812 1136 anteriore,
861 1071 1009 1139 cujus
1046 1069 1169 1123 finis
1209 1072 1353 1124 solus
1393 1070 1461 1124 ad
1500 1071 1702 1125 collum

121 1179 416 1222 attenuatus
466 1178 569 1234 est,
615 1173 921 1242 posteriora
965 1189 1152 1225 versus
1201 1175 1404 1223 sensim
1451 1181 1702 1243 angusta-

117 1279 203 1321 tur
252 1278 304 1320 et
350 1267 537 1322 obtuse
597 1273 935 1323 terminatur.
1033 1268 1294 1324 Mariam
1354 1290 1565 1344 corpas
1625 1282 1702 1324 est

113 1377 349 1434 rectum,
409 1369 609 1422 caudae
665 1368 837 1421 finem
901 1370 1175 1423 interdum
1224 1374 1402 1425 vesica
1455 1372 1700 1443 genitalis

115 1477 296 1534 ornat,
346 1477 398 1521 et
437 1455 538 1541 per
585 1478 766 1521 cutem
812 1473 1177 1541 speciminum
1226 1471 1360 1523 adeo
1414 1474 1472 1522 in
1509 1474 1695 1542 spiritu

114 1571 224 1620 vini
268 1568 374 1635 jam
422 1586 524 1640 per
570 1567 785 1639 aliquod
831 1578 1048 1640 tempus
1096 1578 1435 1622 servatorum
1471 1570 1699 1621 testiculi

116 1667 221 1718 duo
261 1676 312 1718 et
350 1686 472 1721 vasa
511 1667 792 1731 seminalia
827 1667 1171 1721 translucent.
1251 1670 1478 1742 Corpus
1506 1668 1698 1743 semi-

112 1784 319 1818 narum
368 1770 532 1820 etiam
577 1778 790 1819 rectum
838 1776 928 1819 aut
975 1766 1138 1817 debili
1183 1768 1350 1820 modo
1414 1777 1697 1821 curvatum

114 1873 204 1929 est,
243 1865 551 1935 caudaeque
584 1863 682 1916 fini
705 1864 982 1916 interdum
1020 1863 1274 1917 adhaeret
1311 1867 1696 1939 corpusculum

107 1961 394 2032 globosum
432 1964 628 2016 coloris
665 1963 809 2029 lutei,
845 1963 1078 2017 vesicula
1115 1968 1351 2016 marium
1389 1967 1560 2018 multo
1587 1970 1694 2017 mi—

107 2079 207 2112 nus
248 2071 298 2113 et
337 2080 586 2132 opacum.

246 2158 304 2210 Si
340 2158 430 2211 hic
463 2158 964 2232 Echinorhynchus
990 2161 1274 2231 Anguillae
1312 2181 1458 2214 nunc
1495 2181 1692 2235 parum

104 2262 356 2312 convenit
394 2277 518 2312 cum
557 2261 648 2325 iis.,
687 2279 850 2331 quw,
903 2263 962 2311 in
1000 2260 1113 2313 aliis
1150 2260 1386 2333 piscibus
1427 2273 1690 2335 repertOS,

215 2547 247 2602 *)
278 2550 511 2590 Runomm
542 2550 785 2604 (Entozool.
816 2567 861 2606 p.
891 2551 1004 2606 260.)
1034 2568 1108 2593 sex
1137 2553 1190 2593 ad
1222 2565 1316 2595 octo
1348 2556 1475 2594 series
1505 2557 1688 2595 uncino-

63 2667 67 2670 ,
101 2639 198 2666 rum
229 2636 395 2666 tantum
427 2638 660 2679 enumerat,
692 2627 810 2683 quod
838 2644 927 2669 non
958 2632 1171 2686 intelligo,
1212 2647 1312 2672 cum
1350 2633 1455 2672 mihi
1487 2633 1685 2672 omuibus

99 2704 143 2741 in
182 2704 508 2757 speciminibus,
549 2720 654 2759 quae
695 2721 775 2761 ope
807 2708 929 2747 lentis
962 2719 1002 2748 et
1031 2710 1303 2764 microscopii
1334 2712 1518 2750 maxima
1548 2720 1686 2751 atten—

97 2781 210 2819 tione
251 2783 561 2837 contemplatus
600 2797 724 2837 sum,
761 2799 932 2840 semper
960 2786 1166 2827 undecim
1195 2790 1264 2829 vel
1295 2787 1526 2830 duodecim
1556 2789 1683 2827 series

101 2857 365 2899 obvenerint.

209 2934 269 2988 **)
299 2935 463 2989 Vagina
494 2938 604 2988 colli,
638 2953 766 2992 quam
795 2941 874 2983 Vir
905 2942 1106 2996 optimus,
1136 2941 1270 2982 modo
1312 2943 1506 2984 laudatus
1539 2944 1583 2999 (l.
1615 2943 1681 2997 e.),

96 3011 140 3050 in
169 3010 526 3068 Echinorhyncho
558 3025 703 3057 nostro
735 3017 861 3070 vidit,
893 3019 982 3059 sine
1015 3018 1147 3059 dubio
1179 3020 1278 3061 inde
1310 3033 1401 3062 orta
1440 3033 1523 3073 est,
1564 3019 1680 3075 quod

96 3090 251 3129 vermis
279 3102 446 3145 partem
479 3092 576 3131 colli
608 3097 866 3136 anteriorem
896 3098 1138 3138 tenuiorem
1169 3099 1212 3138 in
1242 3101 1524 3152 posteriorem
1566 3113 1681 3138 cras-

92 3165 250 3206 siorem
281 3163 516 3226 retraxerit,
547 3186 631 3227 quo
663 3172 735 3215 illa
764 3173 816 3215 ab
848 3174 925 3216 hac
956 3176 1130 3230 vaginae
1163 3177 1293 3218 instar
1323 3174 1585 3220 circumdata
1614 3177 1678 3217 sit.
