<?xml version="1.0" encoding="UTF-8"?>
<!DOCTYPE html PUBLIC "-//W3C//DTD XHTML 1.0 Transitional//EN"
    "http://www.w3.org/TR/xhtml1/DTD/xhtml1-transitional.dtd">
<html xmlns="http://www.w3.org/1999/xhtml" xml:lang="en" lang="en">
 <head>
  <title>
</title>
<meta http-equiv="Content-Type" content="text/html;charset=utf-8" />
  <meta name='ocr-system' content='tesseract 3.04.00' />
  <meta name='ocr-capabilities' content='ocr_page ocr_carea ocr_par ocr_line ocrx_word'/>
</head>
<body>
  <div class='ocr_page' id='page_1' title='image "./observationesdee00crep_0039.png"; bbox 0 0 2090 3568; ppageno 0'>
   <div class='ocr_carea' id='block_1_1' title="bbox 684 161 1142 216">
    <p class='ocr_par' dir='ltr' id='par_1_1' title="bbox 684 161 1142 216">
     <span class='ocr_line' id='line_1_1' title="bbox 684 161 1142 216; baseline 0.015 -20"><span class='ocrx_word' id='word_1_1' title='bbox 684 161 1142 216; x_wconf 75' lang='lat'>..25—</span> 
     </span>
    </p>
   </div>
   <div class='ocr_carea' id='block_1_2' title="bbox 84 303 1770 2768">
    <p class='ocr_par' dir='ltr' id='par_1_2' title="bbox 131 303 1706 598">
     <span class='ocr_line' id='line_1_2' title="bbox 269 303 1703 378; baseline 0.003 -3"><span class='ocrx_word' id='word_1_2' title='bbox 269 322 500 375; x_wconf 84' lang='lat' dir='ltr'>Descr.</span> <span class='ocrx_word' id='word_1_3' title='bbox 578 303 828 371; x_wconf 80' lang='lat' dir='ltr'>‘vermes</span> <span class='ocrx_word' id='word_1_4' title='bbox 895 316 961 369; x_wconf 87' lang='lat' dir='ltr'>ab</span> <span class='ocrx_word' id='word_1_5' title='bbox 1029 327 1149 370; x_wconf 87' lang='lat' dir='ltr'>octo</span> <span class='ocrx_word' id='word_1_6' title='bbox 1213 318 1365 372; x_wconf 87' lang='lat' dir='ltr'>lineis</span> <span class='ocrx_word' id='word_1_7' title='bbox 1432 333 1484 376; x_wconf 81' lang='lat' dir='ltr'>et</span> <span class='ocrx_word' id='word_1_8' title='bbox 1535 324 1703 378; x_wconf 79' lang='lat' dir='ltr'>tribus</span> 
     </span>
     <span class='ocr_line' id='line_1_3' title="bbox 132 415 1706 493; baseline -0.003 -17"><span class='ocrx_word' id='word_1_9' title='bbox 132 423 370 493; x_wconf 82' lang='lat' dir='ltr'>ejusdem</span> <span class='ocrx_word' id='word_1_10' title='bbox 407 422 607 493; x_wconf 79' lang='lat' dir='ltr'>quartis</span> <span class='ocrx_word' id='word_1_11' title='bbox 654 416 896 490; x_wconf 83' lang='lat' dir='ltr'>partibus</span> <span class='ocrx_word' id='word_1_12' title='bbox 944 435 1113 490; x_wconf 88' lang='lat' dir='ltr'>usque</span> <span class='ocrx_word' id='word_1_13' title='bbox 1162 415 1231 468; x_wconf 86' lang='lat' dir='ltr'>ad</span> <span class='ocrx_word' id='word_1_14' title='bbox 1275 419 1529 487; x_wconf 86' lang='lat' dir='ltr'>pollicem</span> <span class='ocrx_word' id='word_1_15' title='bbox 1578 444 1706 478; x_wconf 83' lang='lat' dir='ltr'>eum</span> 
     </span>
     <span class='ocr_line' id='line_1_4' title="bbox 131 515 1161 598; baseline -0.007 -23"><span class='ocrx_word' id='word_1_16' title='bbox 131 527 372 598; x_wconf 85' lang='lat' dir='ltr'>quinque</span> <span class='ocrx_word' id='word_1_17' title='bbox 406 521 560 573; x_wconf 90' lang='lat' dir='ltr'>lineis</span> <span class='ocrx_word' id='word_1_18' title='bbox 597 519 762 589; x_wconf 78' lang='lat' dir='ltr'>longi,</span> <span class='ocrx_word' id='word_1_19' title='bbox 797 526 1002 584; x_wconf 77' lang='lat' dir='ltr'>tenue3‚</span> <span class='ocrx_word' id='word_1_20' title='bbox 1040 515 1161 569; x_wconf 82' lang='lat' dir='ltr'><strong>albi.</strong></span> 
     </span>
    </p>

    <p class='ocr_par' dir='ltr' id='par_1_3' title="bbox 125 616 1717 2465">
     <span class='ocr_line' id='line_1_5' title="bbox 270 616 1707 683; baseline 0.001 -10"><span class='ocrx_word' id='word_1_21' title='bbox 270 621 583 673; x_wconf 82' lang='lat' dir='ltr'>Proboscis</span> <span class='ocrx_word' id='word_1_22' title='bbox 619 617 815 683; x_wconf 82' lang='lat' dir='ltr'>breviS‚</span> <span class='ocrx_word' id='word_1_23' title='bbox 853 617 976 669; x_wconf 87' lang='lat' dir='ltr'>colli</span> <span class='ocrx_word' id='word_1_24' title='bbox 1013 620 1345 670; x_wconf 82' lang='lat' dir='ltr'>anteriorem</span> <span class='ocrx_word' id='word_1_25' title='bbox 1368 616 1538 671; x_wconf 86' lang='lat' dir='ltr'>finem</span> <span class='ocrx_word' id='word_1_26' title='bbox 1565 638 1707 674; x_wconf 76' lang='lat' dir='ltr'>cras-</span> 
     </span>
     <span class='ocr_line' id='line_1_6' title="bbox 131 714 1709 791; baseline -0.001 -18"><span class='ocrx_word' id='word_1_27' title='bbox 131 724 247 773; x_wconf 83' lang='lat' dir='ltr'>sitie</span> <span class='ocrx_word' id='word_1_28' title='bbox 282 719 562 791; x_wconf 85' lang='lat' dir='ltr'>paululum</span> <span class='ocrx_word' id='word_1_29' title='bbox 600 735 876 788; x_wconf 70' lang='lat' dir='ltr'>superam,</span> <span class='ocrx_word' id='word_1_30' title='bbox 911 720 970 768; x_wconf 93' lang='lat' dir='ltr'>in</span> <span class='ocrx_word' id='word_1_31' title='bbox 1005 720 1191 788; x_wconf 82' lang='lat' dir='ltr'>paucis</span> <span class='ocrx_word' id='word_1_32' title='bbox 1238 714 1485 788; x_wconf 76' lang='lat' dir='ltr'>perfecte</span> <span class='ocrx_word' id='word_1_33' title='bbox 1518 718 1709 789; x_wconf 82' lang='lat' dir='ltr'>’cylin-</span> 
     </span>
     <span class='ocr_line' id='line_1_7' title="bbox 131 815 1710 889; baseline -0.003 -16"><span class='ocrx_word' id='word_1_34' title='bbox 131 821 295 884; x_wconf 73' lang='lat' dir='ltr'>drica,</span> <span class='ocrx_word' id='word_1_35' title='bbox 330 823 389 869; x_wconf 91' lang='lat' dir='ltr'>in</span> <span class='ocrx_word' id='word_1_36' title='bbox 425 819 670 889; x_wconf 81' lang='lat' dir='ltr'>plurimis</span> <span class='ocrx_word' id='word_1_37' title='bbox 707 827 1017 868; x_wconf 75' lang='lat' dir='ltr'>antrorsum</span> <span class='ocrx_word' id='word_1_38' title='bbox 1052 835 1354 888; x_wconf 80' lang='lat' dir='ltr'>parumper</span> <span class='ocrx_word' id='word_1_39' title='bbox 1390 815 1710 868; x_wconf 85' lang='lat' dir='ltr'>decrescens</span> 
     </span>
     <span class='ocr_line' id='line_1_8' title="bbox 133 915 1712 984; baseline -0.001 -13"><span class='ocrx_word' id='word_1_40' title='bbox 133 940 172 971; x_wconf 87' lang='lat' dir='ltr'>s.</span> <span class='ocrx_word' id='word_1_41' title='bbox 215 918 528 981; x_wconf 85' lang='lat' dir='ltr'>subconica.,</span> <span class='ocrx_word' id='word_1_42' title='bbox 574 915 684 967; x_wconf 88' lang='lat' dir='ltr'>fine</span> <span class='ocrx_word' id='word_1_43' title='bbox 722 918 898 970; x_wconf 76' lang='lat' dir='ltr'>antico</span> <span class='ocrx_word' id='word_1_44' title='bbox 939 915 1280 969; x_wconf 80' lang='lat' dir='ltr'>obtusissimo</span> <span class='ocrx_word' id='word_1_45' title='bbox 1319 924 1410 969; x_wconf 77' lang='lat' dir='ltr'>aut</span> <span class='ocrx_word' id='word_1_46' title='bbox 1444 924 1712 984; x_wconf 79' lang='lat' dir='ltr'>truncato,</span> 
     </span>
     <span class='ocr_line' id='line_1_9' title="bbox 130 1014 1714 1091; baseline -0.001 -21"><span class='ocrx_word' id='word_1_47' title='bbox 130 1022 336 1091; x_wconf 81' lang='lat' dir='ltr'>postico</span> <span class='ocrx_word' id='word_1_48' title='bbox 375 1015 443 1066; x_wconf 85' lang='lat' dir='ltr'>ad</span> <span class='ocrx_word' id='word_1_49' title='bbox 480 1014 678 1065; x_wconf 84' lang='lat' dir='ltr'>collum</span> <span class='ocrx_word' id='word_1_50' title='bbox 716 1018 917 1066; x_wconf 89' lang='lat' dir='ltr'>sensim</span> <span class='ocrx_word' id='word_1_51' title='bbox 954 1015 1314 1081; x_wconf 83' lang='lat' dir='ltr'>decrescente,</span> <span class='ocrx_word' id='word_1_52' title='bbox 1351 1019 1562 1067; x_wconf 88' lang='lat' dir='ltr'>uncinis</span> <span class='ocrx_word' id='word_1_53' title='bbox 1588 1015 1714 1069; x_wconf 86' lang='lat' dir='ltr'>bre-</span> 
     </span>
     <span class='ocr_line' id='line_1_10' title="bbox 130 1111 1713 1187; baseline -0.001 -18"><span class='ocrx_word' id='word_1_54' title='bbox 130 1116 280 1170; x_wconf 80' lang='lat' dir='ltr'>vibus</span> <span class='ocrx_word' id='word_1_55' title='bbox 330 1123 380 1165; x_wconf 84' lang='lat' dir='ltr'>et</span> <span class='ocrx_word' id='word_1_56' title='bbox 410 1111 702 1164; x_wconf 71' lang='lat' dir='ltr'>&#39;subtilibus</span> <span class='ocrx_word' id='word_1_57' title='bbox 751 1113 917 1165; x_wconf 85' lang='lat' dir='ltr'>dense</span> <span class='ocrx_word' id='word_1_58' title='bbox 962 1118 1188 1167; x_wconf 82' lang='lat' dir='ltr'>munita.</span> <span class='ocrx_word' id='word_1_59' title='bbox 1289 1116 1523 1168; x_wconf 75' lang='lat' dir='ltr'>Collum</span> <span class='ocrx_word' id='word_1_60' title='bbox 1578 1134 1713 1187; x_wconf 86' lang='lat' dir='ltr'>pro—</span> 
     </span>
     <span class='ocr_line' id='line_1_11' title="bbox 127 1211 1711 1287; baseline 0.001 -21"><span class='ocrx_word' id='word_1_61' title='bbox 127 1212 334 1266; x_wconf 88' lang='lat' dir='ltr'>boscidi</span> <span class='ocrx_word' id='word_1_62' title='bbox 388 1211 724 1282; x_wconf 74' lang='lat' dir='ltr'>longitudine</span> <span class='ocrx_word' id='word_1_63' title='bbox 781 1212 1103 1285; x_wconf 87' lang='lat' dir='ltr'>subaequale</span> <span class='ocrx_word' id='word_1_64' title='bbox 1165 1223 1255 1265; x_wconf 81' lang='lat' dir='ltr'>aut</span> <span class='ocrx_word' id='word_1_65' title='bbox 1311 1214 1503 1267; x_wconf 88' lang='lat' dir='ltr'>eadem</span> <span class='ocrx_word' id='word_1_66' title='bbox 1547 1216 1711 1287; x_wconf 87' lang='lat' dir='ltr'>paulo</span> 
     </span>
     <span class='ocr_line' id='line_1_12' title="bbox 125 1313 1717 1384; baseline 0.001 -19"><span class='ocrx_word' id='word_1_67' title='bbox 125 1313 363 1384; x_wconf 81' lang='lat' dir='ltr'>longius,</span> <span class='ocrx_word' id='word_1_68' title='bbox 403 1315 684 1377; x_wconf 78' lang='lat' dir='ltr'>conicum,</span> <span class='ocrx_word' id='word_1_69' title='bbox 722 1315 934 1363; x_wconf 89' lang='lat' dir='ltr'>uncinis</span> <span class='ocrx_word' id='word_1_70' title='bbox 971 1316 1203 1384; x_wconf 70' lang='lat' dir='ltr'>pariter,</span> <span class='ocrx_word' id='word_1_71' title='bbox 1241 1313 1336 1365; x_wconf 88' lang='lat' dir='ltr'>sed</span> <span class='ocrx_word' id='word_1_72' title='bbox 1373 1314 1549 1366; x_wconf 88' lang='lat' dir='ltr'>adhuc</span> <span class='ocrx_word' id='word_1_73' title='bbox 1587 1314 1717 1367; x_wconf 89' lang='lat' dir='ltr'>sub-</span> 
     </span>
     <span class='ocr_line' id='line_1_13' title="bbox 126 1408 1714 1485; baseline 0.003 -21"><span class='ocrx_word' id='word_1_74' title='bbox 126 1410 407 1476; x_wconf 55' lang='lat' dir='ltr'>’milioribuQ</span> <span class='ocrx_word' id='word_1_75' title='bbox 434 1408 682 1462; x_wconf 84' lang='lat' dir='ltr'>obsitum.</span> <span class='ocrx_word' id='word_1_76' title='bbox 761 1412 1040 1482; x_wconf 82' lang='lat' dir='ltr'>Corporis</span> <span class='ocrx_word' id='word_1_77' title='bbox 1065 1431 1283 1484; x_wconf 82' lang='lat' dir='ltr'>semper</span> <span class='ocrx_word' id='word_1_78' title='bbox 1305 1414 1425 1485; x_wconf 88' lang='lat' dir='ltr'>plus</span> <span class='ocrx_word' id='word_1_79' title='bbox 1462 1419 1714 1470; x_wconf 88' lang='lat' dir='ltr'>minusve</span> 
     </span>
     <span class='ocr_line' id='line_1_14' title="bbox 127 1510 1713 1575; baseline 0.004 -13"><span class='ocrx_word' id='word_1_80' title='bbox 127 1514 338 1563; x_wconf 86' lang='lat' dir='ltr'>incurvi</span> <span class='ocrx_word' id='word_1_81' title='bbox 373 1510 496 1562; x_wconf 86' lang='lat' dir='ltr'>finis</span> <span class='ocrx_word' id='word_1_82' title='bbox 535 1514 773 1562; x_wconf 78' lang='lat' dir='ltr'>anterior</span> <span class='ocrx_word' id='word_1_83' title='bbox 811 1511 879 1562; x_wconf 90' lang='lat' dir='ltr'>ad</span> <span class='ocrx_word' id='word_1_84' title='bbox 917 1511 1118 1563; x_wconf 90' lang='lat' dir='ltr'>collum</span> <span class='ocrx_word' id='word_1_85' title='bbox 1156 1521 1453 1575; x_wconf 78' lang='lat' dir='ltr'>attenuata,</span> <span class='ocrx_word' id='word_1_86' title='bbox 1502 1525 1713 1569; x_wconf 81' lang='lat' dir='ltr'>caetera</span> 
     </span>
     <span class='ocr_line' id='line_1_15' title="bbox 127 1612 1714 1682; baseline 0.003 -20"><span class='ocrx_word' id='word_1_87' title='bbox 127 1629 269 1682; x_wconf 82' lang='lat' dir='ltr'>pars,</span> <span class='ocrx_word' id='word_1_88' title='bbox 305 1614 409 1661; x_wconf 88' lang='lat' dir='ltr'>nisi</span> <span class='ocrx_word' id='word_1_89' title='bbox 447 1612 718 1662; x_wconf 84' lang='lat' dir='ltr'>anteriore</span> <span class='ocrx_word' id='word_1_90' title='bbox 753 1614 909 1663; x_wconf 79' lang='lat' dir='ltr'>tertia</span> <span class='ocrx_word' id='word_1_91' title='bbox 945 1629 1244 1682; x_wconf 76' lang='lat' dir='ltr'>perparum</span> <span class='ocrx_word' id='word_1_92' title='bbox 1271 1617 1549 1679; x_wconf 79' lang='lat' dir='ltr'>crassiore,</span> <span class='ocrx_word' id='word_1_93' title='bbox 1587 1614 1714 1665; x_wconf 89' lang='lat' dir='ltr'>sub-</span> 
     </span>
     <span class='ocr_line' id='line_1_16' title="bbox 128 1708 1713 1784; baseline 0.004 -23"><span class='ocrx_word' id='word_1_94' title='bbox 128 1710 359 1780; x_wconf 83' lang='lat' dir='ltr'>aequalis</span> <span class='ocrx_word' id='word_1_95' title='bbox 409 1708 476 1760; x_wconf 87' lang='lat' dir='ltr'>ad</span> <span class='ocrx_word' id='word_1_96' title='bbox 524 1709 751 1760; x_wconf 82' lang='lat' dir='ltr'>caudam</span> <span class='ocrx_word' id='word_1_97' title='bbox 801 1708 1088 1762; x_wconf 74' lang='lat' dir='ltr'>descendit.</span> <span class='ocrx_word' id='word_1_98' title='bbox 1165 1710 1381 1762; x_wconf 89' lang='lat' dir='ltr'>Collum</span> <span class='ocrx_word' id='word_1_99' title='bbox 1420 1723 1472 1764; x_wconf 83' lang='lat' dir='ltr'>et</span> <span class='ocrx_word' id='word_1_100' title='bbox 1507 1714 1713 1784; x_wconf 87' lang='lat' dir='ltr'>probo-</span> 
     </span>
     <span class='ocr_line' id='line_1_17' title="bbox 128 1811 1712 1880; baseline -0.003 -21"><span class='ocrx_word' id='word_1_101' title='bbox 128 1811 229 1859; x_wconf 88' lang='lat' dir='ltr'>scis</span> <span class='ocrx_word' id='word_1_102' title='bbox 278 1818 519 1859; x_wconf 86' lang='lat' dir='ltr'>ceterum</span> <span class='ocrx_word' id='word_1_103' title='bbox 569 1825 694 1858; x_wconf 82' lang='lat' dir='ltr'>cum</span> <span class='ocrx_word' id='word_1_104' title='bbox 732 1825 962 1877; x_wconf 89' lang='lat' dir='ltr'>corpore</span> <span class='ocrx_word' id='word_1_105' title='bbox 999 1825 1217 1878; x_wconf 83' lang='lat' dir='ltr'>semper</span> <span class='ocrx_word' id='word_1_106' title='bbox 1255 1811 1514 1880; x_wconf 76' lang='lat' dir='ltr'>angulum</span> <span class='ocrx_word' id='word_1_107' title='bbox 1554 1812 1712 1866; x_wconf 69' lang='lat' dir='ltr'>obm-</span> 
     </span>
     <span class='ocr_line' id='line_1_18' title="bbox 128 1903 1707 1977; baseline 0.005 -20"><span class='ocrx_word' id='word_1_108' title='bbox 128 1925 252 1957; x_wconf 86' lang='lat' dir='ltr'>sum</span> <span class='ocrx_word' id='word_1_109' title='bbox 297 1903 526 1971; x_wconf 79' lang='lat' dir='ltr'>faciunt,</span> <span class='ocrx_word' id='word_1_110' title='bbox 574 1904 705 1956; x_wconf 87' lang='lat' dir='ltr'>dum</span> <span class='ocrx_word' id='word_1_111' title='bbox 743 1917 834 1958; x_wconf 79' lang='lat' dir='ltr'>aut</span> <span class='ocrx_word' id='word_1_112' title='bbox 868 1908 987 1975; x_wconf 88' lang='lat' dir='ltr'>ipso</span> <span class='ocrx_word' id='word_1_113' title='bbox 1028 1923 1057 1956; x_wconf 92' lang='lat' dir='ltr'>e</span> <span class='ocrx_word' id='word_1_114' title='bbox 1098 1912 1343 1977; x_wconf 89' lang='lat' dir='ltr'>corporis</span> <span class='ocrx_word' id='word_1_115' title='bbox 1381 1909 1491 1962; x_wconf 88' lang='lat' dir='ltr'>fine</span> <span class='ocrx_word' id='word_1_116' title='bbox 1530 1916 1707 1966; x_wconf 70' lang='lat' dir='ltr'>antico</span> 
     </span>
     <span class='ocr_line' id='line_1_19' title="bbox 129 2004 1714 2073; baseline 0.004 -17"><span class='ocrx_word' id='word_1_117' title='bbox 129 2005 425 2057; x_wconf 78' lang='lat' dir='ltr'>directione</span> <span class='ocrx_word' id='word_1_118' title='bbox 476 2004 691 2073; x_wconf 86' lang='lat' dir='ltr'>obliqua</span> <span class='ocrx_word' id='word_1_119' title='bbox 736 2007 1090 2073; x_wconf 76' lang='lat' dir='ltr'>proveniunt,</span> <span class='ocrx_word' id='word_1_120' title='bbox 1141 2014 1230 2055; x_wconf 80' lang='lat' dir='ltr'>aut</span> <span class='ocrx_word' id='word_1_121' title='bbox 1275 2005 1398 2057; x_wconf 84' lang='lat' dir='ltr'>finis</span> <span class='ocrx_word' id='word_1_122' title='bbox 1447 2008 1616 2061; x_wconf 86' lang='lat' dir='ltr'>dictus</span> <span class='ocrx_word' id='word_1_123' title='bbox 1653 2015 1714 2063; x_wconf 87' lang='lat' dir='ltr'>in</span> 
     </span>
     <span class='ocr_line' id='line_1_20' title="bbox 125 2102 1713 2179; baseline 0.004 -25"><span class='ocrx_word' id='word_1_124' title='bbox 125 2102 355 2155; x_wconf 85' lang='lat' dir='ltr'>modum</span> <span class='ocrx_word' id='word_1_125' title='bbox 392 2119 536 2172; x_wconf 86' lang='lat' dir='ltr'>genu</span> <span class='ocrx_word' id='word_1_126' title='bbox 574 2111 822 2154; x_wconf 83' lang='lat' dir='ltr'>curvatus</span> <span class='ocrx_word' id='word_1_127' title='bbox 864 2111 955 2153; x_wconf 80' lang='lat' dir='ltr'>est.</span> <span class='ocrx_word' id='word_1_128' title='bbox 1048 2103 1295 2155; x_wconf 72' lang='lat' dir='ltr'>Candae</span> <span class='ocrx_word' id='word_1_129' title='bbox 1342 2123 1483 2176; x_wconf 73' lang='lat' dir='ltr'>apex</span> <span class='ocrx_word' id='word_1_130' title='bbox 1518 2109 1713 2179; x_wconf 75' lang='lat' dir='ltr'>paulu-</span> 
     </span>
     <span class='ocr_line' id='line_1_21' title="bbox 125 2200 1713 2279; baseline 0.005 -27"><span class='ocrx_word' id='word_1_131' title='bbox 125 2201 241 2252; x_wconf 88' lang='lat' dir='ltr'>lum</span> <span class='ocrx_word' id='word_1_132' title='bbox 286 2204 636 2267; x_wconf 76' lang='lat' dir='ltr'>incrassatus,</span> <span class='ocrx_word' id='word_1_133' title='bbox 681 2200 916 2253; x_wconf 79' lang='lat' dir='ltr'>inflexus</span> <span class='ocrx_word' id='word_1_134' title='bbox 973 2210 1023 2252; x_wconf 83' lang='lat' dir='ltr'>et</span> <span class='ocrx_word' id='word_1_135' title='bbox 1071 2201 1139 2252; x_wconf 87' lang='lat' dir='ltr'>ad</span> <span class='ocrx_word' id='word_1_136' title='bbox 1189 2209 1434 2274; x_wconf 83' lang='lat' dir='ltr'>corporis</span> <span class='ocrx_word' id='word_1_137' title='bbox 1480 2209 1713 2279; x_wconf 88' lang='lat' dir='ltr'>superfi-</span> 
     </span>
     <span class='ocr_line' id='line_1_22' title="bbox 127 2301 1711 2374; baseline 0.006 -24"><span class='ocrx_word' id='word_1_138' title='bbox 127 2303 268 2352; x_wconf 90' lang='lat' dir='ltr'>ciem</span> <span class='ocrx_word' id='word_1_139' title='bbox 316 2318 613 2354; x_wconf 84' lang='lat' dir='ltr'>concavam</span> <span class='ocrx_word' id='word_1_140' title='bbox 659 2303 963 2370; x_wconf 85' lang='lat' dir='ltr'>generatim</span> <span class='ocrx_word' id='word_1_141' title='bbox 1007 2301 1233 2372; x_wconf 87' lang='lat' dir='ltr'>paulum</span> <span class='ocrx_word' id='word_1_142' title='bbox 1281 2313 1584 2374; x_wconf 70' lang='lat' dir='ltr'>protractus</span> <span class='ocrx_word' id='word_1_143' title='bbox 1632 2319 1711 2360; x_wconf 85' lang='lat' dir='ltr'>est</span> 
     </span>
     <span class='ocr_line' id='line_1_23' title="bbox 127 2399 808 2465; baseline 0 -17"><span class='ocrx_word' id='word_1_144' title='bbox 127 2407 180 2449; x_wconf 81' lang='lat' dir='ltr'>et</span> <span class='ocrx_word' id='word_1_145' title='bbox 217 2407 532 2465; x_wconf 65' lang='lat' dir='ltr'>attenuatus,</span> <span class='ocrx_word' id='word_1_146' title='bbox 572 2399 808 2451; x_wconf 80' lang='lat' dir='ltr'>obtusus.</span> 
     </span>
    </p>

    <p class='ocr_par' dir='ltr' id='par_1_4' title="bbox 84 2493 1770 2768">
     <span class='ocr_line' id='line_1_24' title="bbox 270 2493 1770 2573; baseline 0.009 -27"><span class='ocrx_word' id='word_1_147' title='bbox 270 2493 424 2553; x_wconf 81' lang='lat' dir='ltr'>obs.</span> <span class='ocrx_word' id='word_1_148' title='bbox 500 2495 654 2561; x_wconf 84' lang='lat' dir='ltr'>Quae</span> <span class='ocrx_word' id='word_1_149' title='bbox 691 2500 989 2568; x_wconf 85' lang='lat' dir='ltr'>specimina</span> <span class='ocrx_word' id='word_1_150' title='bbox 1021 2500 1275 2567; x_wconf 82' lang='lat' dir='ltr'>mascula,</span> <span class='ocrx_word' id='word_1_151' title='bbox 1314 2521 1450 2573; x_wconf 84' lang='lat' dir='ltr'>quae</span> <span class='ocrx_word' id='word_1_152' title='bbox 1473 2504 1711 2560; x_wconf 80' lang='lat' dir='ltr'>feminea</span> <span class='ocrx_word' id='word_1_153' title='bbox 1768 2508 1770 2515; x_wconf 73' lang='grc'>’</span> 
     </span>
     <span class='ocr_line' id='line_1_25' title="bbox 129 2594 1709 2667; baseline 0.009 -21"><span class='ocrx_word' id='word_1_154' title='bbox 129 2604 321 2661; x_wconf 81' lang='lat' dir='ltr'>essent,</span> <span class='ocrx_word' id='word_1_155' title='bbox 360 2594 650 2661; x_wconf 85' lang='lat' dir='ltr'>dijudicare</span> <span class='ocrx_word' id='word_1_156' title='bbox 688 2600 922 2667; x_wconf 73' lang='lat' dir='ltr'>nequivi,</span> <span class='ocrx_word' id='word_1_157' title='bbox 961 2617 1087 2650; x_wconf 79' lang='lat' dir='ltr'>cuin</span> <span class='ocrx_word' id='word_1_158' title='bbox 1123 2599 1246 2651; x_wconf 88' lang='lat' dir='ltr'>finis</span> <span class='ocrx_word' id='word_1_159' title='bbox 1284 2603 1515 2657; x_wconf 87' lang='lat' dir='ltr'>caudalis</span> <span class='ocrx_word' id='word_1_160' title='bbox 1553 2616 1709 2660; x_wconf 73' lang='lat' dir='ltr'>nota-</span> 
     </span>
     <span class='ocr_line' id='line_1_26' title="bbox 84 2693 1364 2768; baseline 0.006 -22"><span class='ocrx_word' id='word_1_161' title='bbox 84 2703 90 2708; x_wconf 85' lang='lat'><em>&#39;</em></span> <span class='ocrx_word' id='word_1_162' title='bbox 125 2694 233 2747; x_wconf 89' lang='lat' dir='ltr'>bile</span> <span class='ocrx_word' id='word_1_163' title='bbox 271 2694 562 2748; x_wconf 85' lang='lat' dir='ltr'>discrimen</span> <span class='ocrx_word' id='word_1_164' title='bbox 599 2693 942 2768; x_wconf 68' lang='lat' dir='ltr'>diversorum</span> <span class='ocrx_word' id='word_1_165' title='bbox 978 2718 1092 2752; x_wconf 88' lang='lat' dir='ltr'>non</span> <span class='ocrx_word' id='word_1_166' title='bbox 1130 2699 1364 2759; x_wconf 72' lang='lat' dir='ltr'>offerret.</span> 
     </span>
    </p>
   </div>
  </div>
 </body>
</html>
