2090 3568
677 184 941 244 —81
1055 213 1153 261 -,,

119 343 540 410 conveniebant,
591 361 781 398 verum
816 348 875 397 in
911 343 1104 417 quibus
1141 354 1327 417 postea
1363 350 1478 403 lens
1517 358 1690 426 optica

116 443 351 514 simplex
403 441 543 495 mihi
587 446 907 499 monstravit
953 442 1074 497 duo
1123 442 1390 526 bochria,
1449 453 1692 519 qualibus

115 540 555 613 Bothriocephali
612 545 810 616 prioris
855 541 1235 598 subdivisionis
1276 542 1693 618 Rudolphianae

115 640 366 711 gaudent,
400 649 460 692 ut
494 659 640 695 nunc
677 627 868 696 dubius
899 639 1072 697 factus
1107 643 1232 708 51111,
1266 661 1452 697 annon
1488 651 1694 716 species

116 739 588 794 Monostomatum
653 740 792 792 dicta
857 737 1341 812 Bothriocephalus
1393 747 1575 816 potius
1629 750 1696 800 sit

115 838 350 904 juveniS,
397 856 558 910 quam
603 838 974 892 Monostoma.
1056 838 1246 893 Posset
1288 843 1348 894 in
1382 846 1699 914 specimini-

116 933 214 987 bus
271 955 302 990 0
347 935 700 989 RUDOLPHIO
755 940 987 1008 repertis
1042 934 1200 991 fovea
1245 939 1460 994 alterius
1517 940 1697 996 lateris

115 1033 476 1088 indistinctim·
500 1032 665 1086 fuisse
701 1043 760 1086 ut
798 1032 1112 1087 observator
1149 1037 1275 1091 alias
1312 1038 1538 1110 lynceus
1578 1057 1700 1093 eam

116 1152 230 1185 non
269 1134 638 1205 conspexisset
676 1132 759 1187 vel
794 1132 959 1187 talem
995 1151 1111 1185 non
1144 1133 1436 1202 habuisset,
1471 1148 1562 1190 aut
1584 1138 1701 1191 for-

117 1249 213 1282 san
260 1230 436 1282 clausa
480 1228 674 1297 fuisse,
720 1231 866 1304 quod
912 1231 1134 1303 quidem
1176 1251 1456 1305 nunquam
1491 1240 1551 1290 in
1585 1238 1698 1293 Bo-

116 1327 490 1402 thriocephalo
553 1329 662 1382 ullo
728 1329 1033 1384 observavi.
1123 1329 1418 1396 Quomodo
1478 1336 1701 1391 interim

115 1447 202 1481 res
239 1445 297 1480 se
331 1425 553 1494 habeat,
586 1426 730 1481 hano
776 1427 1213 1483 observationem
1255 1433 1485 1486 reticere
1531 1433 1699 1502 nolui,

118 1530 258 1600 quia,
295 1530 340 1580 si
375 1530 436 1578 in
471 1525 873 1600 speciminibUS,
910 1545 1049 1600 quae
1093 1530 1347 1581 inventor
1389 1532 1697 1603 praeclarus

116 1632 234 1699 ipse
270 1635 463 1692 servat,
499 1624 661 1679 fovea
700 1628 886 1695 capitis
922 1625 1159 1678 secunda
1197 1625 1372 1679 adhuc
1420 1629 1699 1701 detegere·

117 1736 221 1794 tur,
257 1723 411 1779 facile
448 1733 621 1779 totum
656 1723 1128 1799 Hypostomatum
1162 1742 1334 1796 genus
1369 1736 1567 1782 rueret.

286 1882 399 1945 Ad
484 1880 997 1967 Amphistoma
1081 1864 1695 1971 platffcephalum,

121 1998 276 2078 (Peg,
320 1994 441 2073 39.)

262 2115 565 2170 Novembri
612 2126 665 2168 et
709 2115 1008 2171 Decembri
1044 2119 1174 2169 anni
1210 2123 1486 2190 praeteriti
1522 2120 1698 2179 adhue

120 2221 180 2270 in
224 2214 390 2269 tribus
442 2216 737 2287 Colymbis
785 2214 1235 2287 rufogularibas
1275 2214 1414 2270 haec
1458 2218 1699 2292 Amphi—

125 2324 382 2381 stomata‚
416 2313 513 2368 sed
555 2332 837 2385 nunquam
883 2330 1084 2383 magno
1132 2331 1392 2380 numer0‚
1441 2326 1493 2369 et
1539 2337 1700 2392 prae..

123 2423 273 2466 terea
317 2413 368 2464 d.
414 2417 501 2473 20,
550 2410 886 2483 Septembris
934 2410 1043 2463 duo
1088 2415 1389 2482 specimina
1434 2416 1494 2468 in
1540 2414 1699 2473 busta

123 2509 275 2566 Fabr.
313 2509 671 2581 Podicipicis
717 2511 945 2563 cristati
997 2507 1214 2561 offendi.
1292 2510 1514 2565 Horum
1559 2516 1699 2568 duo..

125 2627 251 2663 rum
275 2607 581 2682 superficiei
618 2610 810 2678 organi
846 2611 1112 2661 nominati
1149 2611 1393 2662 internae
1417 2610 1575 2666 firme
1601 2616 1697 2668 ad-

123 2707 465 2763 haerentium
499 2715 659 2780 caput
693 2705 889 2780 pallide
932 2705 1226 2773 rubellum,
1268 2726 1467 2780 corpus
1515 2712 1697 2768 album

128 2815 253 2860 erat.
336 2805 444 2859 Die
487 2813 772 2879 sequente,
816 2824 945 2859 cum
990 2824 1217 2862 mucum
1262 2827 1293 2860 0
1339 2809 1500 2863 bursa
1539 2816 1697 2883 peni-

129 2904 234 2956 cilli
269 2923 376 2977 ope
410 2901 777 2971 removebam‚
815 2903 976 2959 ambo
1013 2905 1342 2977 deciderunt,
1389 2910 1481 2964 ubi
1518 2920 1698 2966 autem

130 3001 295 3054 affixa
339 3002 578 3069 fuerant,
631 3007 870 3056 tunicam
918 3001 1110 3057 bursae
1155 3009 1426 3062 internam
1470 3027 1697 3082 parvam

133 3103 190 3153 in
236 3117 546 3171 verrucam,
589 3100 889 3157 seeundum
923 3102 1315 3175 longitudinem
1352 3111 1410 3160 111
1447 3107 1580 3159 duos
1616 3107 1698 3162 lo-

1208 3205 1361 3278 [6]
