2090 3568
943 185 1405 244 -25—

377 391 963 446 Observationes
1020 387 1104 441 de
1157 388 1780 462 Eclzz'norlzyncho
1838 374 1974 444 cu?

828 490 1082 542 beroso
1145 489 1467 540 ZEDERI.

507 630 1045 705 Echinorhynchum
1080 628 1397 693 tuberosum
1423 633 1482 681 in
1504 635 1758 685 intestino
1792 632 1955 685 Gadi

363 738 556 790 Locae
591 733 903 797 FebruariO,
940 727 1134 802 Aprili,
1171 731 1321 798 Majo
1362 740 1412 782 et
1451 729 1786 801 Septembri,
1840 733 1954 805 Cy-

361 839 523 911 prim‘
560 835 728 886 rutili
763 832 966 884 Martio
1007 839 1059 882 et
1097 828 1341 896 Octobri,
1368 840 1420 883 et
1455 831 1784 884 *Muraenae
1820 830 1955 884 An-

359 934 585 1011 guillae
621 933 774 1000 Majo
815 940 866 983 et
900 930 1063 982 Junio
1101 934 1299 1002 reperi,
1339 931 1602 1005 quamdiu
1630 940 1813 982 autem
1837 949 1952 983 non

361 1036 607 1090 videram
643 1024 830 1084 icones
870 1028 940 1082 O.
978 1028 1033 1082 F.
1073 1031 1360 1083 MiiLLEm
1398 1032 1478 1103 (in
1518 1029 1816 1100 Zoologiae
1855 1030 1952 1082 da-

355 1139 515 1188 nicae
541 1131 681 1186 Tab.
708 1130 861 1184 XLI.
888 1150 933 1182 a.
963 1129 1207 1204 oblatas),
1235 1131 1301 1183 de
1327 1149 1392 1183 eo
1420 1128 1611 1182 dubius
1635 1128 1728 1181 fui.
1802 1131 1951 1182 Nam

358 1238 483 1289 licet
517 1234 588 1287 ill.
626 1232 941 1284 RUDOLPHI
978 1230 1060 1303 (in
1096 1231 1265 1283 Horis
1300 1229 1543 1302 physicis
1580 1229 1949 1281 Berolinensi-

357 1337 474 1402 bus,
516 1335 747 1387 Bonnae
788 1335 943 1389 1820.
981 1349 1034 1402 p.
1077 1331 1186 1404 13.)
1224 1329 1493 1402 quaedam
1531 1328 1599 1380 de
1635 1327 1743 1380 hoc
1778 1327 1950 1381 Echi-

355 1433 688 1508 norhyncho
727 1430 1025 1504 scripserit,
1064 1449 1204 1505 quae
1243 1431 1353 1496 ejus
1391 1438 1718 1482 structuram
1754 1427 1949 1479 melius

352 1538 635 1599 illustrent,
672 1542 858 1585 tamen
894 1536 1053 1583 unica
1101 1534 1432 1583 uncinorum
1476 1527 1814 1599 proboscidis
1861 1545 1947 1579 se·-

353 1640 478 1702 ries,
515 1652 679 1706 quam
717 1632 907 1697 solam,
944 1635 1023 1683 uti
1060 1631 1191 1683 olim
1228 1629 1591 1693 MiiLLERUS,
1627 1628 1703 1679 illi
1741 1627 1944 1679 adscri-

353 1737 447 1801 bit,
483 1737 807 1806 praesertim
843 1729 1138 1802 prohibuit,
1178 1748 1286 1800 quo
1324 1731 1506 1780 minus
1532 1732 1772 1799 speciem
1798 1748 1828 1780 a
1852 1746 1946 1780 me

351 1843 632 1889 inventam
670 1832 902 1884 eandem
937 1830 1216 1882 haberem.
1289 1828 1507 1878 Primus
1554 1837 1736 1879 autem
1781 1831 1946 1879 intui-

352 1948 437 1990 tus
473 1939 699 1986 iconum
737 1931 1192 1983 Miillerianarum
1230 1927 1500 1981 secundae
1539 1936 1589 1979 et
1612 1930 1801 1980 tertiae
1828 1946 1944 1979 am—

353 2035 670 2105 biguitatem
720 2029 952 2094 sustulit,
1001 2048 1128 2079 cum
1173 2045 1385 2081 vermes
1422 2031 1533 2078 mei
1568 2030 1627 2077 in
1661 2029 1727 2078 iis
1765 2031 1943 2078 mani-

356 2132 486 2185 feste
527 2127 751 2182 exhibiti
788 2131 909 2192 sint,
948 2131 1196 2200 quamvis
1234 2126 1370 2177 aliae
1406 2134 1585 2196 partes
1625 2123 1691 2175 ab
1731 2130 1940 2197 optimo

355 2223 633 2305 quondam
670 2232 787 2281 viro
838 2229 1226 2297 praetervisae,
1273 2225 1406 2275 aliae
1456 2232 1643 2275 contra
1687 2233 1940 2277 naturam

355 2333 649 2385 delineatae
686 2336 826 2391 sunt,
865 2327 1010 2397 quod
1038 2326 1260 2378 effatum
1288 2325 1653 2395 descriptione
1680 2334 1938 2396 sequente

353 2450 445 2485 me
479 2428 836 2503 probaturum
874 2444 986 2478 esse
1025 2443 1203 2496 spero.
1325 2407 1333 2411 μ

494 2531 752 2582 Descr.·
801 2525 1097 2578 Vermium
1141 2542 1397 2577 meorum
1446 2526 1761 2596 longitudo
1810 2546 1839 2577 a
1876 2525 1940 2577 li-

355 2649 460 2684 nea
495 2647 603 2680 una
639 2643 809 2698 usque
847 2625 914 2676 ad
953 2625 1083 2675 duas
1123 2642 1250 2675 cum
1288 2624 1509 2676 dimidia
1547 2635 1752 2695 aequat.
1819 2626 1936 2677 Co·-

359 2735 451 2783 [ον
489 2737 566 2779 est
604 2725 878 2788 candidus,
913 2723 1188 2775 interdum
1223 2717 1503 2794 paululum
1542 2724 1802 2775 sordidus.

498 2826 807 2879 Proboscis
837 2822 1032 2888 brevis,
1071 2822 1288 2887 clavata,
1314 2821 1670 2887 obtusissima,
1707 2825 1935 2875 uncino—

357 2948 482 2983 rum
519 2943 715 2997 parum
753 2934 1104 2974 curvatorum
1142 2924 1264 2973 satis
1304 2918 1526 2971 fortium
1567 2930 1617 2972 et
1639 2920 1931 2991 longorum

361 3030 496 3080 serie
536 3023 733 3095 duplici
771 3022 854 3073 vel
890 3021 1083 3091 triplici
1120 3020 1243 3071 laxa
1281 3023 1468 3070 cincta.
1546 3020 1776 3071 Collum
1812 3020 1932 3071 nul-

360 3129 488 3180 lum.
567 3124 790 3194 Corpus
825 3118 940 3171 sere
977 3137 1195 3190 semper
1231 3118 1348 3190 plus
1373 3122 1620 3170 minusve
1645 3122 1930 3171 incurvum
